3008 4944
705 301 909 360 ΕΤΡΠΠΔΟΤ

370 469 390 555 ἣ
414 464 481 552 σῖγ’
502 470 642 555 ἔχωμεν;
666 469 929 556 ἀσφαλέστερον,
952 474 1055 555 φίλαι.

372 578 422 642 ῖδε
445 579 509 662 πρὸ
534 577 694 661 δωμάτων
718 579 768 643 ίδε
791 579 1014 662 προκηρύσσει

370 685 504 763 θοάζων
528 682 579 749 ὅδ’
602 684 738 768 αίθέρος
761 686 830 751 ἀνω
855 688 986 761 καπνός.

371 791 512 856 ἅπτουσι
535 794 669 873 πεύκας,
692 793 738 869 ὡς
759 793 971 877 πυρώσοντες
994 794 1119 877 δόμους

370 898 448 974 τοὺς
474 901 709 979 Τανταλείους,
733 893 807 963 οὐδ’
829 898 1028 982 ἀφίστανται
1051 900 1170 982 φόνου.

369 1003 462 1082 τέλος
485 1006 551 1089 ἔχει
574 1006 702 1089 δαίμων
725 1007 874 1088 βροτοῖς,
1315 1023 1385 1071 1545

369 1110 463 1188 τέλος
486 1111 550 1197 ὅπᾳ
574 1111 675 1178 θέλει.

369 1219 494 1303 μεγάλα
518 1216 559 1283 δέ
578 1243 628 1296 τις
650 1218 671 1283 ἁ
695 1219 836 1302 δύναμις
860 1217 906 1284 δι’
927 1217 1081 1304 άλάστορ’

370 1321 458 1391 ἔπεσ’
481 1329 575 1392 ἔπεσε
598 1326 751 1410 μέλαθρα
774 1327 851 1391 τάδε
875 1325 919 1391 δι’
943 1328 1091 1412 αίμάτωυ

370 1433 485 1497 διὰτὸ
509 1435 687 1517 Μυρτίλου
709 1430 828 1517 πέσημ’
851 1432 886 1498 ἐκ
910 1435 1043 1519 δίφρου.

369 1646 453 1712 ἀλλὰ
476 1649 543 1732 μην
566 1645 621 1712 καὶ
643 1649 741 1713 τόνδε
765 1648 893 1713 λεύσσω
920 1647 1098 1713 Μενέλεων
1122 1649 1236 1733 δόμων
1260 1648 1363 1728 πέλας

372 1754 535 1839 ὀξύπουν,
558 1752 751 1841 ᾐσθημένον
775 1777 841 1820 που
864 1757 925 1839 την
948 1756 1050 1839 τύχην
1064 1755 1089 1838 ἣ
1109 1765 1173 1821 νῦν
1191 1756 1289 1841 πάρα.
1315 1775 1385 1824 1550

373 1858 482 1926 οὐκέτ’
505 1861 548 1927 ἂν
570 1864 736 1947 φθάνοιτε
759 1868 891 1947 κλῇθρα
914 1864 1194 1948 συμπεραίνοντες
1216 1870 1363 1950 μοχλοῖς,

371 1964 503 2035 ὦκατδι
527 1968 642 2053 στέγας
663 1966 833 2052 Ἀτρεῖδαι.
881 1971 995 2035 δεινὸν
1019 1970 1167 2054 εὐτυχῶν
1191 1969 1276 2056 ἀνὴρ

368 2077 451 2159 πρὸς
469 2087 576 2152 κακῶς
590 2077 809 2162 πράσσοντας,
829 2078 874 2154 ὡς
888 2079 931 2142 σὺ
945 2086 1020 2160 νῦν,
1036 2071 1181 2161 Ὀρέστα,
1201 2080 1384 2166 δυστυχεῖς.

700 2308 911 2359 ΜΕΝΕΑΑΟΣ.

367 2415 435 2498 ἥκω
458 2415 570 2480 κλύων
592 2416 632 2480 τδι
655 2416 749 2480 δεινά
771 2413 827 2481 καὶ
850 2416 1032 2500 δραστήρια

369 2523 501 2588 δισσοῖν
524 2525 692 2587 λεόντοιν·
717 2521 758 2587 ού
780 2523 843 2606 γάρ
867 2519 965 2605 ἄνδρ’
986 2521 1075 2586 αὐτὼ
1098 2527 1197 2588 καλῶ.
1314 2541 1384 2589 1555

370 2630 496 2712 ἥκουσα
520 2631 583 2715 γάρ
608 2630 649 2713 δη
673 2630 734 2712 την
758 2627 840 2713 έμην
864 2627 1030 2713 ξυνάορον

370 2737 415 2812 ὡς
438 2735 479 2801 ού
501 2735 680 2819 τέθνηκεν,
704 2730 776 2801 ἀλλ’
798 2736 946 2818 ἄφαντος
969 2740 1108 2821 οίχεται,

368 2842 469 2925 κενὴν
492 2841 636 2919 ἀκούσας
658 2842 770 2928 βάξιν,
793 2842 836 2925 ἣν
858 2845 954 2930 φόβῳ
978 2841 1117 2925 σφαλεὶς

369 2946 503 3033 ἤγγειλέ
523 2953 583 3032 μοί
603 2973 661 3025 τις.
707 2948 791 3014 ἀλλὰ
812 2958 874 3014 τοῦ
896 2952 1124 3035 μητροκτόνου

370 3054 565 3141 τεχνάσματ’
587 3054 655 3121 ἐστὶ
678 3065 781 3122 ταῦτα
803 3053 858 3121 καί
881 3058 985 3133 πολὺς
1007 3054 1117 3139 γέλως.
1315 3077 1384 3125 15611

325 3327 394 3376 1540
413 3321 510 3393 ἔχομεν
524 3321 584 3376 BG
601 3327 605 3391 Ι
621 3321 830 3389 ἀσφαλεστέραν
846 3322 904 3390 Aa,
924 3321 1130 3390 ἀσφαλέστερον
1144 3321 1176 3375 a³
1232 3327 1300 3376 1541
1318 3322 1383 3378 fort.

235 3399 275 3457 ἴδ’
297 3403 354 3457 ἀπὸ
378 3405 382 3472 Ι
405 3401 536 3472 δομάτων
555 3405 582 3456 Α
656 3401 807 3456 15425015.
830 3398 925 3468 αἰθέρ’
942 3397 1034 3474 ᾄσσων
1108 3407 1176 3455 1544
1194 3400 1245 3464 τὰς
1263 3403 1300 3471 Β,
1320 3402 1383 3457 fort.

235 3481 332 3554 στέγας
358 3482 409 3546 τὰς
439 3479 625 3545 Τανταλείους
654 3488 658 3549 Ι
688 3480 791 3554 φόνον]
824 3479 915 3536 πόνου
948 3482 977 3534 in
1009 3480 1211 3537 recentioribus
1240 3481 1322 3536 libris

237 3569 305 3617 1545
325 3563 392 3636 ἔχει]
418 3562 480 3632 ἀγει
499 3563 589 3617 Bothe
614 3565 618 3633 Ι
641 3563 764 3633 βροτοῖς]
784 3561 903 3630 Seidler‚
926 3563 1049 3633 βροτοῖσι
1068 3562 1112 3616 vel
1130 3564 1272 3634 βροτοῖσιν
1291 3562 1358 3617 libri
1378 3564 1382 3634 Ι

236 3641 345 3711 δαίμων
364 3645 485 3716 βροτοῖς]
505 3645 615 3715 βροτοῖς
633 3640 701 3705 θεός
719 3642 794 3696 Weil
868 3648 937 3696 1546
957 3641 1013 3696 όπα
1031 3643 1068 3711 Β,
1089 3640 1161 3696 ὅπου
1180 3644 1195 3697 δ
1212 3643 1215 3711 λ
1231 3640 1304 3712 θέλη
1324 3643 1384 3696 AB

272 3728 340 3776 1547
365 3722 470 3793 μεγάλα
497 3726 642 3793 (εαρετεοτ.
666 3727 695 3791 η)
718 3742 749 3791 a,
777 3720 881 3794 μεγάλη
905 3723 933 3775 Β
963 3727 967 3793 Ι
996 3723 1127 3794 δύναμις]
1155 3721 1219 3776 fort.
1249 3720 1382 3793 νέμεσιςλ

236 3800 382 3873 ἀλάστορ’]
402 3802 518 3873 Seidler,
537 3802 697 3871 ἀλαστόρων
716 3801 783 3856 libri
846 3808 914 3856 1548
934 3802 1029 3856 ἔπεσεν
1050 3801 1128 3856 ἔπεσε
1146 3802 1250 3870 ABG,
1271 3801 1384 3857 ἔπαισεν

235 3881 330 3936 ἔπαισε
341 3882 410 3950 EL,
425 3883 538 3938 ἔπαισεν
553 3883 657 3952 ἔπαισε,
672 3900 806 3953 superscr.
817 3882 862 3936 bis
876 3901 898 3951 ε,
912 3902 939 3951 ο,
954 3882 1002 3936 cfr.
1014 3882 1099 3937 schol.
1110 3881 1160 3936 ἐὰν
1175 3880 1225 3951 μὲν
1240 3881 1291 3936 διὰ
1304 3891 1383 3938 τοῦε

236 3963 267 4017 τὸ
289 3961 397 4030 ἔπεσεν,
416 3962 503 4017 ολονελ
523 3962 669 4034 ἐπλησίασέ
687 3984 729 4027 τις
746 3973 804 4026 τοῖς
823 3962 912 4026 οίαοις
929 3963 1047 4032 φονικὸς
1065 3961 1174 4032 δαίμων
1195 3960 1235 4016 δι’
1257 3962 1384 4031 αἱμάτων

235 4040 371 4111 τιμωρίαν
393 4043 561 4112 ποιούμενος
582 4053 632 4099 τοῖν
656 4047 801 4113 πτώματος
823 4051 872 4097 τοῦ
896 4040 1053 4111 Μυρτίλον
1082 4042 1133 4097 ἐὰν
1156 4041 1187 4096 δὲ
1212 4041 1262 4096 διδι
1286 4051 1337 4113 τῆς
1356 4050 1383 4096 αι

236 4121 411 4194 διφθόχχου,
439 4123 503 4178 ἀντὶ
531 4132 581 4177 τοῦ
605 4123 747 4194 ἔκρουσεν,
776 4123 839 4177 fort.
864 4121 895 4185 ὃς
918 4120 1032 4177 ἐπέπεσε
1056 4123 1183 4192 μέλαθρα
1207 4122 1275 4177 τάδε
1300 4122 1384 4178 δίκαν

237 4202 368 4271 πράσσων
424 4208 492 4256 1549
506 4203 592 4258 λεύσω
602 4205 629 4258 A
636 4205 704 4274 BL,
718 4205 820 4259 λεύσσω
830 4203 871 4259 A’
887 4207 892 4273 Ι
908 4201 992 4266 πέλας
1006 4224 1046 4274 χρ.
1062 4205 1110 4258 καὶ
1124 4200 1196 4270 πέρα
1206 4203 1242 4270 Α,
1256 4203 1348 4272 πάρος
1358 4204 1384 4258 Β

274 4289 343 4337 1551)
358 4282 435 4336 delet
448 4283 548 4337 Nauck
597 4290 664 4337 1551
680 4289 740 4340 ΗΛ.
757 4282 938 4354 praescripsit
952 4283 992 4352 a⁸‚
1007 4283 1075 4337 item
1089 4302 1114 4353 μ,
1130 4283 1179 4336 sed
1193 4282 1256 4352 ipsa
1271 4284 1383 4352 punctis

236 4364 325 4418 cinxit
398 4368 465 4417 1551
485 4367 604 4432 κλεῖθρα
623 4366 711 4419 RES
783 4370 851 4419 1553
871 4365 904 4417 σὺ
923 4381 976 4418 om.
997 4366 1024 4418 Α
1096 4370 1164 4417 1555
1184 4366 1301 4419 δισσοῖν
1320 4365 1351 4419 E

237 4451 305 4500 1556
325 4444 431 4514 ἥκουσα
450 4441 501 4513 μέν
520 4443 573 4516 γὰρ
593 4445 644 4515 τὴν
662 4444 812 4499 Kirchhoff
882 4450 950 4499 1558
969 4445 1071 4514 καινὴν
1089 4446 1117 4499 L
