3014 4928
261 278 304 341 96
571 280 694 332 ΡΕΝΟΣ
712 280 775 331 KAI
793 282 880 333 ΒΙΟΣ
898 281 1102 333 ΕΤΡΙΠῙΔΟΤ

263 443 373 524 τρίτος
397 437 537 524 ἐγένετο.
573 442 614 506 τά
636 441 743 506 πάντα
767 438 798 506 δ’
820 437 862 524 ἦν
886 442 990 508 αὐτοῦ
1015 442 1164 527 δράματα
1188 439 1251 525 (ιβ’,
1276 444 1410 522 σώζεται

213 565 248 614 35
269 544 306 612 δέ
321 544 385 630 οη’·
404 549 533 613 τούτων
547 549 725 613 νοθεύεται
739 552 824 631 τρία,
840 547 966 632 Τέννης
975 546 1206 633 Ῥαδάμανθυς
1220 553 1414 633 Πειρίθους.

269 653 458 737 ἐτελεύτησε
483 652 535 736 δέ,
559 656 603 731 ὥς
626 672 708 739 φησι
733 657 934 740 Φιλόχορος,
956 651 1039 738 ὑπὲρ
1063 656 1103 721 τδι
1126 654 1154 722 0'
1179 659 1234 738 έτη
1258 658 1414 740 γεγονώς,

267 763 311 838 ὡς
332 757 369 826 δέ
386 757 638 846 Ἐρατοσθένης,
657 759 715 827 οέ·
733 759 788 827 καί
808 761 911 846 ἐτάφη
931 761 968 827 ἐν
987 763 1198 849 Μακεδονίᾳ·
1217 762 1414 848 κενοτάφιον

263 866 299 934 δὲ
328 868 433 934 αὐτοῦ
462 868 499 934 ἐν
518 865 701 951 Ἀθήνησιν
728 867 858 951 ἐγένετο
891 867 946 934 καί
974 867 1161 954 ἐπίγραμμα
1192 868 1413 953 ἐπεγέγραπτο

264 976 479 1041 Θουκυδίδου
502 983 562 1040 τοῦ
592 975 854 1059 ἱστοριογράφου
879 977 1079 1059 ποιήσαντος
1106 975 1127 1060 ἢ
1154 975 1325 1061 Τιμοθέου
1354 986 1412 1042 τοῦ

208 1101 244 1149 ιο
263 1087 457 1167 μελοποιοῦ·

330 1233 442 1309 μνῆμα
467 1220 529 1308 μέν
547 1219 662 1302 Ἑλλὰς
685 1221 784 1290 άπασ’
811 1225 1012 1309 Εὐριπίδου,
1037 1225 1134 1291 ὀστέα
1158 1223 1189 1292 δ’
1217 1233 1302 1312 ίσχει

396 1341 438 1415 γῆ
464 1332 645 1414 Μακεδών,
668 1323 752 1418 ᾗπερ
776 1329 891 1411 δέξατο
915 1330 1017 1416 τέρμα
1039 1335 1126 1415 βίον.
1154 1384 1156 1387 .

329 1437 444 1521 πατρίς
469 1431 500 1502 δ’
522 1432 682 1516 Ἑλλάδος
701 1436 828 1521 Ἑλλάς,
848 1437 1001 1523 Ἀθῆναι·
1025 1442 1131 1505 πολλά
1155 1438 1192 1505 δέ
1214 1443 1357 1518 Μούσας

396 1544 518 1628 τέρψας
541 1544 577 1610 ἐκ
598 1550 734 1611 πολλῶν
757 1544 811 1610 καὶ
835 1548 894 1611 τὸν
918 1549 1056 1611 ἔπαινον
1079 1550 1153 1631 ἔχει.

210 1735 244 1782 45
528 1703 529 1707 ί
764 1714 914 1806 [Ἄλλως.

354 1841 537 1924 Εὐριπίδης
560 1842 805 1924 Μνησαρχίδου
827 1838 1013 1923 Ἀθηναῖος.
1066 1850 1189 1905 τοῦτον
1217 1842 1253 1906 οί
1278 1833 1343 1925 τῆς
1357 1842 1411 1926 άρ-

263 1951 358 2032 χαίας
381 1949 556 2034 κωμῳδίας
577 1945 710 2032 ποιηταί
735 1948 778 2023 όις
803 1949 1073 2032 λαχανοπάλιδος
1101 1949 1178 2013 νίὸν
1206 1951 1409 2036 κωμῳδοῦσι.

263 2055 421 2139 γενέσθαι
441 2050 477 2119 δέ
496 2050 565 2120 κατ’
585 2055 687 2139 ἀρχάς
706 2051 767 2138 μὲν
788 2054 891 2120 αὐτόν
905 2074 989 2139 φασι
1005 2056 1191 2140 ζωγράφον,
1206 2057 1410 2139 σχολάσαντα

264 2159 301 2227 δέ
316 2156 478 2250 Ἀρχελάῳ
507 2171 553 2249 τῷ
577 2169 709 2249 φυσικῷ
733 2159 788 2225 καὶ
805 2159 1011 2248 Ἀναξαγόρᾳ
1035 2159 1087 2227 ἐπί
1106 2164 1297 2249 τραγῳδίαν
1317 2163 1410 2246 ὁρμῆ·

211 2286 244 2334 οο
263 2287 327 2334 σαι.
379 2269 461 2334 ὅθεν
494 2267 549 2333 καί
576 2268 677 2335 πλέον
704 2292 735 2334 τι
764 2272 936 2354 φρονήσας
969 2270 1102 2346 εἰκότως
1130 2272 1319 2352 περιίστατο
1347 2281 1411 2334 τῶν

263 2381 416 2457 πολλῶν,
447 2375 607 2460 οὐδεμίαν
641 2379 836 2460 φιλοτιμίαν
866 2373 942 2459 περὶ
976 2377 1015 2440 τά
1048 2375 1174 2460 θέατρα
1205 2377 1411 2460 ποιούμενος.

257 2606 263 2620 .
324 2588 326 2591 ·
353 2575 387 2623 34
405 2569 440 2623 τὰ
455 2612 461 2624 .
477 2612 483 2623 .
499 2568 641 2640 δράματα]
665 2562 701 2637 ἦν
720 2567 751 2622 δέ
773 2568 861 2624 αὐτοῦ
880 2567 1009 2637 δράματα
1028 2569 1122 2624 πάντα
1142 2570 1183 2638 Ol
1200 2570 1276 2623 αὐτῶ
1297 2570 1396 2624 ADF
1407 2571 1410 2639 Ι

264 2649 452 2718 ἐννενήκοντα
467 2649 515 2703 καί
532 2649 583 2703 δύο
599 2650 635 2715 Ε,
656 2647 847 2718 εννηνήκοντα
863 2649 978 2703 καὶδύο
994 2649 1030 2716 F,
1050 2648 1218 2717 ἐνενήκοντα
1232 2651 1280 2703 καί
1295 2649 1366 2704 όκτάι
1381 2651 1415 2712 ὡς

264 2731 353 2798 φασὶν
374 2730 396 2783 0
473 2734 554 2797 34ιιη.
575 2730 688 2794 σώζεται
703 2771 708 2782 .
726 2770 732 2782 .
747 2726 904 2797 Πειρίθους
922 2745 975 2783 om.
998 2729 1024 2782 G
1105 2736 1138 2784 35
1158 2730 1204 2800 οή]
1224 2730 1413 2801 ἐβδομήκοντα

266 2810 337 2864 όκτὼ
352 2809 389 2876 Ε,
409 2808 450 2875 οζ’
471 2826 505 2864 ex
521 2809 609 2863 Suida
623 2809 667 2863 vel
686 2809 723 2864 οέ
744 2808 857 2863 Boeckh
873 2814 878 2876 Ι
894 2809 942 2863 καλ
960 2809 1067 2864 τούτων
1083 2810 1123 2880 ΟΙ
1140 2810 1311 2865 νοθεύονται
1325 2811 1350 2880 γ’
1366 2811 1393 2864 Β
1408 2812 1411 2880 Ι

268 2886 373 2957 Τέννης
389 2931 394 2941 .
411 2931 416 2942 .
432 2887 588 2956 Πειρίθους
602 2907 654 2944 om.
673 2890 729 2944 ΟΕ
734 2890 764 2943 F
777 2891 781 2959 Ι
801 2886 917 2960 Τέννης]
933 2888 1065 2958 Elmsley,
1085 2890 1185 2959 γέννης
1198 2892 1259 2945 AB
1266 2892 1296 2944 D
1312 2893 1316 2959 Ι
1333 2888 1412 2958 πυρί-

265 2973 338 3030 θους
352 2970 380 3022 Β
441 2974 474 3022 86
494 2969 525 3023 δέ
545 2968 582 3032 ὥς
600 2986 653 3023 om.
669 2972 696 3024 A
712 2974 716 3039 Ι
733 2966 890 3039 φιλόδωρος
906 2969 946 3039 ΟΙ
963 2968 1000 3041 o‘]
1020 2968 1214 3041 ἐβδομήκοντα
1230 2971 1278 3040 ΕΙ
1295 2972 1414 3041 γεγονὼς

265 3047 311 3118 ἔτη
331 3049 354 3103 0
445 3055 478 3103 3⁷
498 3050 547 3121 ὡς]
566 3048 581 3104 ό
601 3050 650 3121 ΕΙ
667 3047 860 3118 άρατοσθένης
878 3050 907 3105 Β
927 3050 931 3119 Ι
952 3046 1141 3119 ἐρατοσθένης
1160 3050 1189 3104 ἐν
1209 3047 1365 3118 μακεδονία
1384 3050 1413 3104 ἐν

265 3126 420 3197 μακεδονία
439 3130 470 3183 Β
491 3129 611 3199 (omissis
629 3129 721 3184 verbis
746 3129 783 3183 αι’
804 3129 852 3182 καί
875 3128 976 3199 ἐτάφη)
997 3132 1001 3197 Ι
1022 3129 1070 3183 καλ
1095 3129 1126 3184 έν
1149 3127 1306 3205 μακεδονίῳ
1325 3129 1413 3199 ἐτάφη

266 3211 341 3277 AD,
370 3209 459 3278 ἐτάφη
483 3209 515 3264 δὲ
538 3210 569 3265 ἐν
592 3206 747 3283 μακεδονίηι
768 3210 797 3263 Ε
819 3212 824 3279 Ι
849 3209 879 3263 ἐν
904 3212 969 3263 ante
989 3206 1138 3279 Ἀθήνησιν
1161 3209 1239 3264 delet
1260 3210 1362 3265 Nauck

267 3294 300 3342 38
320 3285 507 3359 έπεγέγραπίο
527 3291 565 3356 D,
584 3288 616 3344 δὲ
635 3287 774 3360 γέγραπτο
793 3292 829 3357 Β,
848 3289 987 3360 γέγραπτο
1006 3293 1047 3358 A,
1071 3288 1271 3361 ἐπιγέγραπται
1292 3292 1321 3355 0,
1340 3292 1412 3362 αὐτῷ

266 3367 467 3438 ἐπιγέγραπται
485 3369 550 3423 EF
555 3370 581 3423 G
671 3375 704 3424 39
726 3368 918 3443 Θουκυδίδου]
937 3370 978 3424 sic
996 3369 1083 3424 etiam
1102 3370 1215 3426 Anthol.
1230 3371 1290 3427 Pal.
1306 3371 1357 3426 vn
1371 3379 1413 3437 4ο,

266 3447 315 3503 cfr.
340 3448 442 3503 Athen.
462 3448 487 3502 V
508 3454 557 3504 187
578 3450 602 3503 Ι)
625 3449 677 3519 τὴν
698 3446 855 3519 Ἀθηναίων
878 3450 960 3506 πόλιν
979 3494 984 3504 .
1002 3494 1007 3505 .
1026 3448 1063 3518 ἣν
1078 3494 1106 3530 ·.·
1123 3451 1177 3520 ἔφη
1193 3494 1198 3505 .
1215 3493 1220 3504 .
1238 3450 1416 3520 Θουκυδίδης

267 3528 298 3582 ἐν
315 3532 354 3603 τῷ
369 3529 409 3591 είς
424 3522 582 3598 Εὐριπίδην
602 3529 788 3599 ἐπιγράμματι
803 3528 937 3593 Ἑλλάδος
951 3529 1074 3586 Ἐλλάδα
1146 3537 1228 3600 89sq.
1247 3531 1416 3599 ποιήσαντος

268 3612 461 3677 ..μελοποιοῦ
480 3610 574 3664 om.0
661 3617 693 3664 41
714 3619 810 3680 μνᾶμα
825 3610 938 3666 Anthol.
957 3610 1039 3683 Ιμὲν]
1058 3611 1090 3666 δὲ
1105 3612 1142 3680 D,
1162 3628 1216 3665 om.
1232 3612 1256 3665 0
1269 3615 1273 3681 Ι
1289 3611 1366 3675 ἅπας
1380 3614 1414 3680 Β,

266 3688 363 3743 ἅπασα
384 3689 438 3744 OG
454 3692 458 3759 Ι
475 3689 568 3762 δοτέα]
588 3691 676 3745 αὐτόν
696 3693 722 3746 G
738 3694 742 3760 Ι
758 3693 789 3746 δέ
810 3692 834 3746 0
903 3698 936 3745 42
956 3692 1086 3761 μακεδάν
1104 3691 1232 3757 Αυλδολ,
1251 3692 1415 3760 μακεδόναν

267 3769 491 3824 ABODEFG
512 3773 516 3839 Ι
539 3763 608 3842 ᾗπερ
628 3773 668 3840 A,
691 3767 761 3840 ἥπερ
783 3772 845 3839 ΟΒ,
869 3770 940 3842 ἥπερ
960 3772 1034 3840 EG,
1057 3769 1132 3839 ἦπου
1150 3791 1202 3839 περ
1222 3774 1297 3840 BD,
1321 3770 1338 3842 ἦ
1362 3773 1414 3844 γάρ

266 3849 390 3916 Λυδίεώ,
409 3848 427 3918 ἡ
446 3849 499 3920 γὰρ
519 3850 616 3906 Thom.
636 3851 725 3921 Mag,
750 3860 783 3923 τῇ
802 3851 855 3922 γὰρ
874 3852 976 3907 Jacobs
992 3855 996 3923 Ι
1014 3850 1130 3918 ἐδέξατο
1148 3853 1179 3909 τό
1198 3851 1284 3922 τέρμα
1303 3854 1330 3908 A
1347 3855 1351 3925 Ι
1366 3862 1416 3908 τοῦ

266 3926 330 4000 βίον
350 3930 446 3984 ABD
536 3937 570 3984 43
590 3934 655 3999 πρῖς
676 3933 710 3998 G,
729 3932 803 4002 πάτη
824 3935 860 4000 Β,
883 3933 975 4002 πάτρη
995 3935 1032 4001 Π,
1051 3932 1168 4001 πατέρες
1187 3936 1227 4000 A,
1251 3941 1310 4001 πρᾶ
1329 3935 1394 3989 EF
1411 3936 1413 4005 Ι

267 4008 346 4071 έλλδις
373 4026 425 4064 om.
454 4011 584 4066 AEFG
609 4015 613 4080 Ι
638 4011 726 4067 πολλὰ
750 4012 825 4079 BD,
853 4015 967 4068 πλείστα
991 4014 1055 4068 AF
1079 4017 1109 4067 et
1136 4013 1264 4079 Anthol.‚
1291 4008 1429 4076 πλεῖστος

266 4092 292 4158 (ο
312 4106 380 4143 corr.
401 4106 434 4144 ex
453 4094 482 4160 α)
501 4093 538 4160 Ε,
557 4090 699 4159 πλείστας,
721 4093 766 4146 oui
784 4111 820 4147 m.
841 4100 856 4146 2
876 4094 947 4148 κατὰ
967 4110 1115 4163 superea,
1137 4095 1162 4149 G
1178 4096 1182 4162 Ι
1198 4094 1329 4165 Μούσας]
1350 4094 1415 4163 γρά-

266 4181 326 4240 ψας
344 4170 416 4237 BD,
437 4171 554 4240 μούσαις
568 4172 681 4226 Anthol.
755 4178 789 4227 44
808 4174 926 4242 μούσαις
944 4173 974 4228 ἐκ
993 4172 1127 4228 πλείστων
1147 4175 1174 4228 Β
1180 4176 1211 4230 D
1226 4175 1231 4242 Ι
1248 4174 1320 4244 ἔχειν
1334 4177 1362 4230 A

266 4255 371 4304 45-66
391 4266 464 4318 quae
483 4250 617 4306 exhibent
635 4252 723 4307 vitam
742 4254 881 4308 diversam
899 4254 987 4309 habet
1005 4272 1076 4308 unus
1095 4254 1156 4309 οοδ.
1177 4255 1204 4308 Β
1294 4261 1329 4309 46
1348 4275 1415 4324 μνη-

267 4328 430 4401 σισαρχίδης
448 4333 476 4385 Β
571 4338 604 4386 47
625 4333 819 4406 ἐκκωμῳδοθσι
837 4333 938 4389 Nauck
1030 4340 1064 4388 49
1083 4331 1244 4408 τραγῳδίαν
1264 4335 1416 4402 Kirchhoff,

266 4409 424 4482 τραγῳδίας
442 4413 470 4466 Β
561 4419 593 4467 61
614 4412 680 4467 οὐδὲ
699 4413 767 4485 μίαν
788 4416 815 4469 Β
