3008 4944
420 1133 616 1220 Ὑπόθεσις
648 1142 875 1213 Φοινισσῶν.

161 1311 333 1399 Ἐτεοκλής
363 1315 567 1398 παραλαβὼν
601 1314 662 1396 τήν
697 1315 819 1396 Θηβῶν
848 1313 1020 1395 βασιλείαν
1048 1310 1225 1391 ἀποστερεῖ

76 1430 136 1488 τοῦ
158 1420 280 1507 μέρους
309 1423 369 1488 τὸν
401 1421 549 1504 ἀδελφὸν
574 1422 800 1504 Πολυνείκην·
833 1419 942 1502 φυγάς
974 1413 1011 1482 δὲ
1042 1416 1223 1500 εἰς”Αργος

77 1528 201 1607 ἐκεῖνος
236 1531 506 1615 παραγενόμενος
538 1530 637 1612 ἔγημε
673 1527 736 1609 τήν
766 1525 937 1611 θυγατέρα
969 1534 1030 1590 τοῦ
1061 1522 1223 1608 βασιλέως

72 1631 269 1720 Ἀδράστου,
299 1641 474 1702 κατελθεῖν
502 1637 549 1713 είς
575 1637 638 1719 τήν
665 1616 807 1719 πατρίδα
836 1633 1123 1717 φιλοτιμούμενος.
1168 1629 1223 1696 καὶ

76 1746 190 1820 πείσας
225 1745 285 1809 τὸν
321 1744 490 1828 πενθερὸν
523 1745 750 1827 συνήθροισεν
783 1740 962 1827 ἀξιόχρεων
994 1740 1136 1821 στρατὸν
1171 1736 1223 1805 ἐπὶ
1261 1756 1276 1804 5

77 1853 189 1934 Θήβας
210 1851 294 1916 κατά
316 1859 377 1916 τοῦ
400 1850 559 1933 ἀδελφοῦ.
608 1849 629 1933 ή
654 1845 691 1914 δὲ
715 1851 820 1933 μήτηρ
840 1845 988 1933 Ἰοκάστη
1013 1850 1143 1912 ἔπεισεν
1166 1845 1223 1910 αὐ-

75 1958 135 2023 τὸν
170 1957 388 2023 ὑπόσπονδον
420 1958 587 2022 εἰσελθεῖν
619 1957 667 2033 είς
698 1956 759 2038 τήν
790 1957 888 2020 πόλιν
920 1953 974 2020 καλ
1006 1956 1224 2038 διαλεχθῆναι

77 2066 240 2149 πρότερον
262 2066 346 2149 πρὸς
367 2064 427 2129 τὸν
450 2063 598 2146 ἀδελφὸν
627 2059 702 2147 περὶ
729 2071 787 2146 τῆς
813 2061 927 2146 ἀρχῆς·
957 2061 1224 2143 δεινοπροσωπή-

77 2188 198 2248 σαντος
217 2168 254 2237 δὲ
271 2168 355 2256 ὑπὲρ
374 2181 432 2255 τῆς
449 2172 650 2255 τυραννίδος
668 2178 730 2234 τοῦ
742 2167 953 2246 Ἐτεοκλέους
966 2168 987 2252 ή
1002 2166 1062 2253 μὲν
1073 2166 1223 2250 Ἰοκάστη

78 2288 280 2362 συναγαγεῖν
298 2277 454 2343 τὰτέκνα
478 2279 526 2355 είς
548 2279 664 2361 φιλίαν
688 2276 750 2341 οὐκ
772 2276 932 2359 ήδύνατο,
956 2280 1166 2360 Πολυνείκης
1187 2272 1224 2340 δὲ
1244 2292 1278 2339 10

78 2385 122 2462 ὡς
135 2387 218 2466 πρὸς
231 2383 392 2469 πολέμιον
406 2386 525 2450 λοιπὸν
540 2383 807 2468 παραταξόμενος
821 2382 1008 2468 ἀνεχώρησε
1022 2391 1079 2467 τῆς
1088 2384 1224 2458 πόλεως.

77 2493 194 2576 ἔχρησε
218 2488 296 2557 δδὸ
324 2494 493 2576 Τειρεσίας
523 2495 621 2575 νίκην
651 2494 788 2556 ἔσεσθαι
817 2500 888 2567 τοῖς
918 2493 1092 2574 Θηβαίοις,
1124 2489 1224 2554 ἐάνὸ

77 2609 153 2675 παῖς
171 2598 339 2688 Κρέοντος
361 2601 550 2676 Μενοικεὺς
573 2598 720 2681 σφάγιον
735 2595 828 2681 ’Ἀρει
851 2595 996 2682 γίνηται.
1043 2593 1142 2681 ὁμὲν
1161 2591 1225 2661 οὖν
1264 2591 1269 2598 ’

79 2703 197 2790 Κρέων
219 2706 386 2790 ἠρνήσατο
411 2705 585 2772 ἐπιδοῦναι
607 2714 647 2790 τή
671 2706 766 2770 πόλει
788 2705 849 2770 τόν
872 2706 986 2786 παῖδα,
1011 2703 1029 2769 ὁ
1055 2700 1091 2769 δὲ
1114 2705 1224 2769 νεανί-

79 2827 156 2890 σκος
188 2811 382 2897 ἐβουλεύετο
419 2810 474 2878 καὶ
510 2821 571 2878 τοῦ
602 2815 727 2896 πατρὸς
759 2811 847 2901 αύτῷ
881 2813 994 2897 φυγήν
1031 2811 1111 2896 μετά
1147 2835 1225 2895 χρη·
1246 2827 1278 2875 15

78 2920 190 3002 μάτων
213 2921 367 2997 διδόντος
390 2919 509 2986 ἑαυτὸν
532 2917 730 3005 ἀποσφάξαι.
772 2916 827 2985 καὶ
852 2919 971 3004 δήκαὶ
995 2919 1121 3004 ἔπραξε.
1160 2922 1225 3000 Θη-

80 3028 170 3109 βαῖοι
194 3024 231 3092 δὲ
254 3030 334 3105 τοὺς
356 3028 520 3113 ἡγεμόνας
542 3038 610 3092 τῶν
628 3024 787 3112 Ἀργείων
806 3024 962 3109 ἔσφαξαν.
1000 3025 1170 3109 Ἐτεοκλής
1189 3022 1225 3090 δὲ

79 3130 133 3197 καὶ
167 3137 376 3218 Πολυνείκης
408 3137 698 3232 μονομαχήσαντες
729 3134 864 3199 ἀνεῖλον
895 3134 1068 3216 ἀλλήλους.
1114 3133 1135 3217 ή
1165 3130 1226 3216 μὲν

82 3234 144 3304 οὖν
167 3244 273 3326 μήτηρ
297 3242 408 3308 αὐτῶν
432 3242 576 3327 εὑροῦσα
600 3244 739 3326 νεκρούς
766 3243 845 3319 τοὺς
867 3242 963 3316 υλοὺς
987 3241 1128 3322 ἔσφαξεν
1152 3239 1227 3305 ἑαυ-

80 3349 155 3430 τήν,
181 3347 199 3412 ὁ
223 3344 260 3413 δὲ
289 3351 410 3434 ταύτης
440 3350 585 3433 ἀδελφὸς
615 3348 733 3434 Κρέων
763 3348 927 3432 παρέλαβε
955 3350 1016 3432 τήν
1045 3351 1226 3430 βασιλείαν.
1246 3363 1280 3409 20

82 3508 294 3519 ———

168 3604 343 3674 Argumenta
366 3622 419 3659 om.
439 3606 480 3672 L,
503 3604 552 3660 lin.
574 3611 660 3659 1-26
685 3622 738 3661 om.
761 3607 786 3661 G
877 3612 891 3660 1
916 3605 1037 3675 τὴντῶν
1055 3624 1074 3660 ο
1159 3613 1226 3676 23η.

82 3681 187 3748 ἐκεῖνος
200 3685 241 3746 εἰς
254 3684 372 3754 ἀργοςο
425 3685 543 3755 θέγημε
557 3685 702 3756 θυγατέρα
717 3705 743 3753 a,
763 3685 862 3756 ἔγημεν
876 3685 1060 3756 θυγατέραΒ
1116 3688 1227 3752 ὅάξιύ-

81 3766 163 3832 λογον
182 3768 329 3833 στρατείαν
349 3765 489 3820 κυτάτοῦ
508 3767 632 3834 ἀδελφοῖν
651 3767 699 3820 καὶ
719 3767 759 3830 εἰς
777 3766 872 3837 θήβας
887 3765 1005 3834 ἐλήλυθε
1019 3786 1038 3821 (ι
1110 3773 1126 3820 9
1145 3767 1227 3839 ὑπὲρ]

82 3843 188 3914 scripsi,
207 3845 262 3899 θπδ
281 3844 348 3898 libri
364 3849 368 3914 Ι
384 3855 433 3900 τοῦ
452 3862 506 3900 om.
526 3848 585 3900 BE
640 3853 673 3899 10
696 3846 832 3918 ἠδύνατο]
852 3847 971 3902 ἐδύνατο
986 3849 1028 3914 Π,
1048 3847 1141 3919 λ’σχυσε
1156 3851 1183 3902 Β

83 3929 113 3976 11
142 3925 253 3996 λοιπὸν]
283 3925 387 3995 ἐχθρὸν
419 3928 483 3980 ΒΕ
507 3929 511 3994 Ι
536 3926 779 3998 παραταξόμενος]
808 3927 966 3997 Kirchh0ff‚
995 3928 1229 3998 παραταξάμενος

83 4002 147 4057 libri
162 4006 168 4077 1
185 4004 360 4075 ἀνεχώρησεν
378 4008 447 4060 mut.
467 4006 496 4059 in
516 4005 673 4076 ἀνεχώρησε
688 4009 718 4062 Π
791 4013 823 4060 12
842 4007 969 4080 ἔσεσθαι]
984 4009 1099 4077 Βοτοεε,
1118 4008 1227 4064 θέσθαι

83 4082 146 4138 libri
239 4092 271 4140 15
295 4086 454 4157 ἐβουλεύετο
474 4089 514 4153 F,
541 4086 667 4158 ἐβούλετο
686 4106 702 4142 ν
721 4091 725 4159 l
746 4090 806 4160 καὶ]
831 4087 932 4157 καίπερ
955 4089 1113 4158 Kirehhoff‚
1136 4088 1227 4144 καίτοι

84 4163 205 4219 Dindorf
276 4172 308 4220 16
327 4165 503 4238 ἀποσφάξαι]
518 4166 701 4236 Valckenaer‚
721 4167 882 4237 ἀπέσφαξεν
901 4169 966 4223 libri
991 4169 1145 4240 (ἀπέσφαξε
1164 4173 1202 4241 Β)
1223 4172 1226 4241 i

84 4243 200 4313 ἔπραξεν
223 4246 251 4300 A
333 4253 365 4301 17
395 4247 532 4318 ἔσφαξαν]
562 4246 683 4318 ἔτρεψαν
710 4249 852 4303 Hermann
926 4257 958 4304 17
974 4269 1014 4321 eq.
1044 4252 1170 4320 ίτεοκλής
1197 4248 1228 4304 δὲ

84 4327 130 4379 καὶ
157 4324 324 4397 πολυνείκης
355 4327 599 4398 μονομαχήσαντος
625 4329 793 4383 recentiores
825 4329 905 4398 libri,
938 4330 1095 4394 ίτεοκλίους
1122 4330 1153 4385 δὲ
1181 4330 1228 4382 καλ

83 4404 264 4470 πολυνείκους
282 4407 529 4478 μονομαχήσαντος
547 4408 812 4480 (μονομαχησάντων
831 4412 873 4480 E)
893 4414 999 4465 veteres

982 4500 1016 4553 11
