3044 4942
728 269 934 320 ΒΤΡΙΠΙΔΟΤ

391 442 498 514 μισῶν
520 432 561 495 τὰ
582 431 626 515 μὴ
651 431 778 512 δίκαια,
801 426 856 495 σοὶ
879 427 909 493 δ’
932 431 1040 493 ἐνεστι
1062 436 1158 505 νοῦς;

393 537 539 618 [κάκεῖνο
562 545 626 601 νῦν
650 538 819 618 ἄθρησον·
842 536 874 600 εί
895 537 938 599 σὺ
961 535 1063 599 παῖδα
1086 535 1150 616 σὴν

392 644 473 720 δούς
495 666 541 732 τφ
564 649 722 725 πολιτῶν,
745 637 803 707 εἶτ’
824 644 944 727 έιιασχε
967 641 1096 723 τοιάδε,

392 759 469 835 σιγῇ
492 747 612 833 καθῆσ
636 751 693 829 ἅνς
717 748 759 814 οὐ
782 750 884 814 δοκῶ·
908 746 1003 832 ξένης
1026 745 1056 813 δ’
1079 747 1164 830 ὕπερ

393 867 529 923 τοιαῦτα
552 857 683 934 λάσκεις
705 859 785 934 τοὺς
806 856 1009 939 ἀναγκαίους
1032 859 1167 939 φίλουςς

392 963 447 1030 καὶ
471 966 537 1050 μὴν
560 970 635 1031 ίσον
658 962 688 1047 γ’
712 963 797 1047 ἀνήρ
821 987 856 1029 τε
878 961 933 1028 καὶ
955 965 1041 1047 γυνιΙ
1065 961 1173 1028 στένει

392 1071 596 1156 ἀδικουμένη
619 1074 702 1154 πρὸς
725 1071 864 1154 ἀνδρός·
886 1070 932 1147 ῶς
955 1068 985 1135 δ’
1008 1069 1116 1148 αὔτως
1139 1069 1224 1154 ἀνὴρ

305 1190 306 1193 ’
391 1189 533 1263 γυναῖκα
555 1181 794 1264 μῶραίνουσαν
817 1176 854 1243 ἐν
877 1178 993 1260 δόμοις
1016 1180 1110 1263 ἔχων.

394 1285 449 1352 καὶ
472 1295 517 1372 τῷ
542 1282 603 1370 μέν
626 1288 717 1350 ἔστιν
739 1284 776 1350 έν
799 1293 912 1368 χεροῖν
935 1282 1018 1368 μέγα
1041 1281 1178 1366 σθένος,

392 1403 432 1480 τῇ
456 1390 487 1458 δ’
511 1392 548 1459 ἐν
570 1400 706 1475 γονεῦσι
729 1389 784 1456 καὶ
807 1394 919 1471 φίλοις
940 1391 980 1455 τὰ
1002 1391 1185 1475 πράγματα.

393 1501 518 1567 οὔκουν
542 1502 674 1566 δίκαιον
696 1508 766 1574 τοῖς
788 1495 819 1581 γ’
841 1498 933 1582 ἐμοῖς
955 1497 1168 1584 ἐιιῶφελεῖνς]

394 1606 503 1692 γέρων
525 1606 634 1691 γέρων
657 1600 702 1671 εἶ·
726 1605 787 1689 τὴν
811 1603 842 1669 δ’
864 1605 946 1689 έμιΙν
969 1609 1169 1690 στρατηγίαν

395 1714 501 1798 λέγων
524 1712 573 1798 ἔμ’
598 1713 741 1796 ῶφελοῖς
763 1710 806 1776 ἂν
830 1711 849 1795 ἦ
873 1722 978 1795 σιγῶν
999 1711 1110 1778 πλέον.

387 1819 504 1906 Ἑλένη
528 1815 559 1886 δ’
582 1814 741 1905 έμόχθησ’
763 1819 824 1903 οὐχ
848 1817 971 1901 ἑκοῦσ’,
995 1818 1067 1886 ἀλλ’
1092 1820 1128 1886 ἐκ
1150 1827 1253 1905 θεῶν,
1351 1838 1404 1886 660

393 1928 447 1994 καὶ
470 1937 569 1994 τοῦτο
592 1932 749 1992 πλεῖστον
773 1924 946 2011 ὠφέλησεν
963 1925 1119 1993 Ἑλλάδα·

393 2037 505 2102 δκλωυ
527 2036 591 2119 γδιρ
615 2035 708 2110 ὄντες
731 2031 786 2099 καὶ
808 2033 913 2118 μάχης
937 2033 1088 2119 ἀίστορες

393 2147 517 2228 ἔβησαν
541 2141 574 2219 ἐς
596 2141 788 2224 τάνδρεῖον·
811 2140 832 2224 ἡ
857 2137 887 2206 δ’
911 2141 1023 2226 ὁμιλία

395 2251 530 2317 πάντων
553 2252 703 2333 βροτοῖσι
725 2251 873 2331 γίγνεται
898 2249 1105 2327 διδάσκαλος.

393 2360 425 2424 εί
447 2354 478 2423 δ’
502 2356 535 2434 ἐς
557 2358 725 2441 πρόσοψιν
748 2364 806 2438 τῆς
829 2353 908 2440 ἐμῆς
931 2355 1042 2421 ἐλθὼν
1065 2356 1129 2440 έγδι

392 2464 550 2550 γυναικὸς
572 2466 671 2547 ἔσχον
694 2464 738 2546 μὴ
762 2473 907 2544 κτανεῖν,
931 2462 1157 2547 ἐσωφρόνουν.

392 2569 465 2639 οὐδ’
487 2569 530 2635 ἂν
553 2568 590 2635 σέ
616 2574 736 2635 Φῶκον
759 2571 887 2652 λΙθελον
909 2581 1133 2636 κατακτανεῖν.

391 2674 483 2745 ταῦτ’
504 2673 543 2743 εὖ
566 2688 705 2763 φρονῶν
728 2671 759 2741 σ’
781 2676 941 2760 ἐσῆλθον,
964 2676 1026 2742 οὐκ
1049 2678 1150 2762 ὀργῆς
1173 2678 1285 2764 χάριν·

392 2787 434 2871 ἣν
459 2780 489 2850 δ’
512 2785 698 2870 ὀξυθνμῇς,
722 2782 776 2849 σοὶ
799 2780 860 2868 μέν
882 2783 903 2868 ἡ
926 2789 1136 2868 γλωσσαλγία

392 2896 523 2978 μείζων,
546 2890 619 2976 ἐμοὶ
643 2888 681 2956 δὲ
704 2888 821 2977 κέρδος
842 2890 863 2975 ἡ
887 2894 1070 2976 προμηθία.

262 3008 328 3069 ΧΟ.
394 3001 595 3066 παύσασθον
617 3000 699 3082 λΙδη·
723 3000 831 3086 λῷστα
854 3001 917 3083 γδιρ
940 3009 1054 3087 μακρῷ
1077 3001 1171 3066 τάδε·

392 3111 500 3191 λόγων
523 3109 683 3190 ματαίων,
707 3107 751 3190 μιΙ
775 3107 837 3171 δύο
861 3104 1009 3192 σφαλῆθ’
1031 3107 1105 3192 ἅμα.

262 3221 337 3283 ΠΗ.
394 3222 500 3300 οἴμοι,
522 3210 599 3279 καθ’
623 3209 752 3278 Ἑλλάδ’
777 3213 822 3292 ὡς
843 3224 952 3291 κακῶς
974 3217 1157 3299 νομίζεται·

391 3323 473 3388 ὅταν
495 3331 636 3405 τροπαῖα
658 3325 826 3405 πολεμίων
849 3324 953 3407 στήσῃ
977 3325 1131 3406 στρατός,

347 3511 471 3562 666-77
495 3505 601 3561 delevit
623 3505 656 3561 Η.
671 3505 766 3559 Hirzel
788 3509 823 3576 (v.
838 3511 961 3560 672-77
981 3506 1069 3561 habet
1088 3507 1165 3562 Stob.
1185 3508 1212 3563 fl.
1234 3512 1332 3576 74,64)

259 3595 311 3644 666
331 3588 464 3655 ἄθροισιν
483 3588 511 3640 Ρ
537 3604 643 3655 comp
734 3593 785 3640 669
805 3606 842 3659 τῳ
858 3604 888 3655 p,
906 3595 944 3641 τῶ
964 3588 997 3653 Ρ,
1015 3596 1065 3641 τῶι
1084 3588 1127 3641 vel
1144 3593 1183 3660 τῷ
1201 3588 1245 3642 vel
1262 3598 1300 3643 τῶ
1318 3607 1334 3644 r

259 3677 311 3724 670
330 3665 436 3738 κάθησ’
454 3667 519 3720 libri
592 3673 643 3722 677
664 3663 724 3722 ἴσον
743 3668 822 3738 ΒΡΙ
839 3665 864 3736 γ’
883 3684 935 3721 om.
956 3668 1015 3722 BL
1031 3671 1035 3739 Ι
1052 3666 1152 3740 στένει]
1171 3667 1290 3737 Dobree‚
1309 3670 1404 3726 σθένει

257 3749 324 3804 libri
343 3753 375 3818 (θ
394 3765 428 3803 ex
447 3746 505 3802 alia
523 3747 607 3802 litera
625 3748 689 3802 fort.
707 3769 723 3802 τ
742 3764 811 3802 corr.
831 3750 868 3816 A)
946 3753 997 3801 676
1013 3747 1107 3811 οὕτως
1124 3752 1193 3803 mul.
1212 3748 1242 3803 in
1260 3748 1351 3813 αὕτως
1369 3752 1404 3821 L,

259 3830 348 3892 αὕτως
366 3848 381 3885 r
397 3833 401 3898 Ι
417 3828 489 3898 ἀνὴρ
508 3845 561 3883 om.
581 3830 608 3883 A
681 3834 732 3882 676
752 3826 802 3896 μέν
821 3827 895 3882 ἐστιν
914 3826 980 3881 libri
1005 3829 1009 3900 Ι
1035 3828 1149 3900 σθένος]
1169 3829 1267 3884 liberas
1286 3835 1356 3887 σθεν
1375 3830 1404 3885 in

258 3929 311 3965 τειε,
332 3928 382 3964 scr.
402 3909 429 3962 L
460 3911 572 3963 rescr.l
670 3914 721 3963 677
741 3908 857 3980 οὔκουν]
877 3908 1041 3977 Markland,
1069 3912 1172 3966 οὐκοῦν
1191 3911 1324 3980 AELP,
1353 3913 1404 3967 οὐκ

259 3989 310 4046 οὖν
330 3992 357 4044 Β
373 3993 377 4061 Ι
393 3999 438 4044 τοῖ
455 3987 481 4059 γ’
500 3989 576 4058 ἐμοῖς
594 3991 630 4057 A,
648 3998 706 4051 τοῖς
725 3986 751 4058 γ’
769 3986 803 4058 (τ’
821 3990 847 4057 δ)
867 3988 943 4057 ἐμοῖς
960 3985 987 4060 γ’
1005 3989 1033 4042 Β
1049 3992 1053 4059 Ι
1070 3988 1112 4059 ἔμ’
1128 3991 1246 4059 ὠφελεῖν
1266 3991 1404 4047 Stobaeus

294 4077 345 4125 679
365 4071 479 4140 ὠφελεῖς
497 4070 562 4137 AP,
586 4071 705 4138 ὠφελι*
723 4070 750 4123 L
777 4070 895 4137 ὠφελοῖς
913 4071 946 4138 lp
1040 4076 1092 4124 682
1112 4069 1239 4138 ἀίστσρες
1257 4072 1323 4141 ΒΡ,
1351 4073 1403 4127 ἀν-

257 4151 396 4221 ίστορεςτ
467 4156 519 4204 664
538 4151 708 4205 διδάσκαλον
727 4151 754 4204 A
817 4156 868 4204 666
887 4155 991 4206 θανεῖν
1010 4151 1038 4203 Ρ
1098 4157 1149 4206 666
1169 4149 1213 4223 εὖ]
1234 4148 1261 4207 εἴ
1277 4153 1305 4207 A
1323 4153 1403 4222 (quid

258 4241 324 4288 m.2
344 4231 482 4302 corrigere
500 4230 620 4285 voluerit
639 4231 766 4299 dubium)
791 4233 795 4301 Ι
821 4228 845 4285 σ’
863 4231 989 4302 ἐπῆλθον
1008 4233 1035 4286 Β
1059 4247 1143 4300 super
1162 4229 1186 4285 τ’
1205 4231 1218 4285 ἐ
1237 4249 1288 4288 scr.
1308 4233 1322 4286 ἐ
1340 4235 1356 4287 b

258 4321 310 4370 690
329 4309 472 4382 τρομηθίς
489 4313 517 4366 Β
549 4333 590 4383 γρ.
614 4312 632 4382 ἡ
655 4310 817 4381 προμήθεια
841 4314 1012 4382 ευρθτεοτ.δ
1129 4318 1182 4366 694
1204 4322 1326 4383 τροπαῖα
1346 4313 1403 4382 Ρδ,

257 4392 411 4465 τρόπαιον
