3014 4928
243 278 286 344 98
550 282 673 334 ΓΕΝΟΣ
691 282 754 333 ΚΑΙ
773 283 859 334 ΒΙΟΣ
876 283 1082 335 ΕΥΡΙΠΙΔΟΥ

192 463 225 512 75
245 445 381 526 ἔφαγον.
418 441 473 508 καλ
498 444 538 526 δή
559 440 767 528 δἈρχέλαος
790 444 968 527 ἐζημίωσεν
986 444 1110 522 αὐτούς
1127 446 1287 532 ταλάντφ.
1324 446 1398 514 έπελ

244 544 306 615 οὖν
329 549 400 615 οὐκ
414 545 516 634 εἶχον,
540 549 730 634 Εὐριπίδου
752 552 942 636 έδεήθησαν
965 550 1160 628 ἀπολύσεως
1181 564 1295 636 τυχεῖν
1309 555 1394 636 ,δεηο

242 656 364 734 θέντος
384 665 446 722 τοῦ
468 657 639 741 βασιλέως.
676 656 847 744 χρόνφδὲ
871 658 1013 739 ὕστερον
1030 659 1217 742 Εὐριπίδης
1240 658 1278 724 έν
1301 661 1395 728 ἄλσει

192 762 309 828 navt
333 766 400 846 ’πρὸ
431 775 495 847 της.
518 768 646 841 πόλεως
664 758 1005 850 ’ήρέμειςιιἈρχελάου
1038 762 1075 830 δέ
1108 764 1160 830 ἐπὶ
1185 765 1395 849 ’κυνηγέσιον

243 870 454 951 ἐξελθόντος,
467 900 473 915 ·-
482 882 550 937 τῶν
561 902 567 919 ·
579 871 1028 937 owsozmvsnosvssmv*
1049 872 1114 937 ὑπὸ
1126 899 1130 911 ·
1141 883 1210 936 τῶν
1235 885 1394 956 κυνηγῶν

171 972 224 1049 ⁴80
242 975 297 1042 καὶ
315 980 561 1061 περιτυχόντων
580 978 764 1062 Εὐριπίδη,
784 979 1013 1062 διεσπαράχθη
1035 978 1264 1062 καταβρωθεὶς
1284 980 1301 1045 δ
1321 1003 1394 1045 ποι-

241 1087 329 1167 ητής.
366 1081 452 1168 ἦσαν
476 1082 512 1149 δὲ
536 1087 669 1168 ἔκγονοι
693 1086 728 1149 οἱ
749 1085 908 1162 σκύλακες
931 1095 987 1169 τῆς
1010 1087 1076 1151 ὑπὸ
1095 1090 1237 1172 Θρᾳκῶν
1260 1086 1393 1169 άναιρε·

241 1194 359 1273 θείσης
386 1194 504 1275 κυνός,
531 1192 615 1257 ὅθεν
637 1189 692 1259 καὶ
721 1195 880 1276 παροιμία
909 1191 978 1256 έστλ
1005 1195 1096 1276 παρὰ
1124 1203 1195 1269 τοῖς
1217 1195 1393 1260 Μακεδόσι

242 1298 357 1374 ’κυνὸς
380 1297 477 1381 δίκη’.

330 1403 413 1488 φασὶ
442 1403 478 1470 δὲ
506 1405 610 1473 αὐτὸν
641 1399 678 1470 ἐν
707 1409 873 1489 Σαλαμῖνι
906 1409 1069 1489 σπήλαιον
1102 1407 1393 1473 κατασκευάσαντα

187 1539 221 1588 85
242 1510 416 1594 ἀναπνοὴν
436 1514 513 1596 έχον
532 1513 579 1589 εἰς
597 1513 658 1595 τήν
675 1512 853 1578 θάλασσαν
868 1511 972 1577 έκεῖσε
991 1513 1201 1596 διημερεύειν
1221 1515 1392 1596 φεύγοντα

240 1618 300 1683 τὸν
319 1621 429 1701 ὄχλον.
467 1620 551 1684 ὅθεν
573 1617 628 1684 καλ
652 1619 689 1684 έκ
710 1619 883 1704 θαλάσσης
901 1619 1062 1703 λαμβάνει
1086 1621 1144 1698 τάς
1165 1623 1303 1697 πλείους
1324 1633 1393 1687 των

241 1725 444 1809 ὁμοιώσεων.
477 1727 677 1808 σκυθρωπὸς
691 1722 728 1790 δέ
746 1723 801 1789 καὶ
820 1726 966 1802 σύννους
985 1723 1040 1790 καλ
1055 1727 1220 1810 αὐστηρὸς
1235 1725 1393 1809 ἐφαίνετο

240 1831 296 1896 καλ
324 1835 507 1916 μισόγελως
534 1830 589 1897 καὶ
613 1832 813 1915 μισογύνης,
836 1833 926 1898 καθὰ
948 1830 1003 1898 καλ
1025 1830 1265 1917 Ἀριστοφάνης
1287 1835 1394 1900 αὐτὸν

241 1939 383 2005 αἰτιᾶται
407 1939 587 2023 *στρυφνὸς
611 1941 722 2021 ἔμοιγε
742 1939 947 2019 προσειπεῖν
966 1940 1160 2024 Εὐριπίδης.
1198 1940 1335 2025 λέγουσι
1356 1939 1394 2007 δὲ

188 2072 222 2121 90
241 2044 345 2110 αὐτὸν
367 2049 519 2129 γήμαντα
542 2047 603 2128 τὴν
623 2048 844 2128 Μνησιλόχου
866 2046 1037 2129 θυγατέρα
1057 2051 1219 2129 Χοιρίλην
1240 2045 1296 2113 καὶ
1316 2052 1395 2132 νοή·

241 2169 344 2217 σαντα
367 2153 430 2235 τὴν
453 2151 635 2218 ἀκολασίαν
658 2152 759 2236 αὐτῆς
782 2155 908 2235 γράυαι
932 2156 1041 2235 δρᾶμα
1064 2155 1124 2219 τὸν
1146 2157 1312 2234 πρότερον
1327 2153 1394 2220 Ἱπ-

330 2361 363 2410 75
382 2356 431 2410 καλ
450 2354 486 2425 δὴ
506 2354 520 2409 ό
540 2355 612 2422 BD,
631 2355 680 2408 καλ
699 2355 735 2424 δὴ
756 2356 790 2422 G,
808 2362 891 2408 τοῦτο
910 2355 1012 2424 μαθὼν
1032 2353 1047 2409 δ
1067 2355 1099 2409 H
1113 2357 1118 2426 Ι
1134 2353 1234 2426 ζημίαν
1249 2355 1394 2425 ἐπήγαγεν

239 2438 336 2498 αὐτοῖς
354 2434 493 2491 ταλάντου
514 2436 539 2490 G
560 2438 565 2504 Ι
585 2434 723 2490 τάλαντον
741 2434 776 2487 H
864 2439 897 2488 75
905 2452 945 2502 sq.
966 2434 1025 2490 ἐπεὶ
1045 2432 1076 2489 δὲ
1096 2436 1147 2489 οὐκ
1165 2431 1242 2506 εἶχον
1260 2436 1394 2490 ἀποδοῦν

133 2586 135 2590 ‚
240 2515 302 2586 (sic)
318 2516 353 2571 H
421 2521 455 2570 76
473 2524 568 2586 τυχεῖν
582 2515 741 2577 ἀπολύσεως
756 2515 782 2569 G
855 2520 934 2583 76sq.
954 2513 1147 2577 ἱκετεύσαντος
1164 2515 1212 2570 τὸν
1231 2516 1347 2586 βασιλέα
1361 2517 1398 2570 Η

294 2601 325 2649 77
335 2613 375 2664 sq.
395 2593 542 2665 εύριπλδου
558 2639 563 2649 .
581 2640 586 2649 .
601 2595 771 2664 ἠρεμοῦντος
785 2594 854 2649 DH
920 2600 953 2649 78
972 2595 1027 2662 πρὸ
1046 2603 1095 2664 της
1112 2593 1218 2656 πόλεως
1236 2612 1289 2649 om.
1305 2597 1341 2650 Η

241 2681 273 2730 79
283 2677 332 2730 καλ
345 2685 401 2731 τῶν
416 2675 561 2730 σκυλάκων
572 2677 598 2729 G
654 2681 733 2744 cosq.
744 2674 946 2730 ἀπολυθέντων
957 2718 962 2728 .
974 2717 980 2728 .
992 2676 1041 2729 καλ
1054 2690 1107 2730 om.
1115 2676 1149 2730 H
1199 2680 1234 2728 80
1244 2674 1395 2746 εύριιτίδης

240 2758 290 2824 H!
307 2756 504 2827 διεσπαράχθη
525 2758 562 2822 D,
581 2755 756 2825 διεταράχθη
776 2756 811 2823 Β,
837 2753 1002 2825 έσπαράχθη
1024 2755 1059 2821 G,
1082 2754 1302 2825 κατεσπαράχθη
1324 2758 1360 2810 Η

240 2842 273 2889 80
283 2853 323 2903 sq.
347 2834 575 2907 καταβρωθελςό
598 2835 716 2905 ποιητής
734 2836 805 2900 BD,
829 2835 1024 2905 καταβρωθελς
1046 2835 1094 2889 καλ
1114 2833 1261 2889 ἀπέθανεν
1282 2837 1316 2901 G,
1342 2838 1392 2890 καλ

239 2916 434 2986 καταβρωθελς
457 2915 472 2970 ό
496 2916 613 2985 ποιητὴς
635 2914 782 2970 ἀπέθανεν
801 2916 836 2970 H
838 2957 845 2979 ,
873 2913 937 2969 fort
962 2916 1009 2968 καλ
1029 2913 1176 2971 ἀπέθανεν
1194 2916 1394 2985 καταβρωθελς

240 2995 255 3051 δ
274 2995 392 3065 ποιητής
482 3002 514 3049 81
536 2996 646 3064 έκγονοι
666 3012 718 3050 om.
739 2995 773 3049 Η
790 2998 794 3064 Ι
816 2994 845 3048 αλ
864 2995 997 3056 σκύλακες
1017 2995 1051 3063 G,
1070 2993 1101 3047 αλ
1120 3010 1171 3049 σκυ
1194 2997 1223 3050 Β
1241 2997 1269 3063 (v
1288 2995 1393 3051 ultima

239 3076 323 3130 litera
346 3075 449 3145 lineae)
541 3080 574 3128 82
593 3075 611 3145 ἡ
630 3072 767 3143 παροιμία
787 3076 817 3130 D
842 3076 846 3143 λ
872 3073 946 3128 ἐστὶν
967 3074 1006 3141 G,
1026 3074 1070 3129 έπλ
1091 3076 1133 3141 D,
1153 3075 1192 3129 ἔτι
1210 3074 1363 3145 Rossignol
1386 3084 1389 3149 t

240 3157 271 3212 έν
290 3156 423 3226 μακεδόσι
445 3156 471 3211 G
561 3160 684 3210 84-110
703 3155 810 3209 habent
829 3155 935 3220 EFG,
955 3172 1007 3209 om.
1028 3155 1092 3209 BD
1178 3161 1212 3209 84
1231 3153 1391 3211 ἀνασκευά-

240 3255 327 3292 σαντα
358 3238 387 3291 F
479 3243 512 3292 85
542 3237 600 3292 έκεῖ
625 3236 826 3304 διημερεύοντα
855 3235 970 3304 φεύγειν
1000 3234 1026 3288 G
1123 3240 1157 3289 86
1185 3236 1251 3298 τούς
1277 3235 1393 3300 πλείους

239 3317 300 3387 (sic)
318 3318 349 3371 Ε
429 3322 462 3370 8‘1
482 3313 667 3384 κατεφαίνετο
688 3317 713 3370 G
799 3320 833 3368 88
852 3315 901 3369 καλ
920 3315 1070 3386 μισογύνης
1088 3332 1141 3370 om.
1163 3316 1189 3369 G
1204 3318 1209 3384 Ι
1225 3317 1392 3389 μισογύνης]

239 3397 446 3467 Μοεολιορολοε,
466 3395 606 3467 λσογρολης
625 3397 661 3464 Ε,
679 3392 848 3465 μισογρόνης
863 3393 1129 3467 ΡλΆριστοφάνης]
1149 3395 1198 3449 cfr.
1218 3395 1289 3450 Gell.
1306 3397 1340 3452 N.
1357 3400 1390 3452 A.

239 3476 290 3531 XV
300 3482 335 3530 20
349 3477 409 3531 eius
429 3477 487 3532 odii
506 3477 536 3530 in
554 3475 685 3530 mulieres
700 3475 902 3545 Aristophanes
916 3491 1027 3543 quoquc
1043 3475 1173 3529 meminit
1191 3476 1222 3531 έν
1240 3484 1302 3538 ταῖς
1320 3497 1391 3545 προ·

238 3554 332 3626 τέραις
352 3557 644 3628 Θεσμοφοριαζούσαις
661 3555 691 3609 in
709 3555 753 3609 his
768 3554 895 3609 versibus
910 3557 1055 3624 (sco-56)
1070 3597 1094 3611 ..
1114 3554 1274 3610 Alexander
1292 3561 1391 3612 cutem

240 3637 355 3692 Aetolus
374 3638 425 3692 hos
445 3638 479 3691 de
499 3636 634 3706 Euripide
653 3653 747 3690 versus
767 3635 936 3705 composuit:

292 3745 308 3799 ό
327 3744 355 3799 θ’
374 3743 562 3814 Ἀναξαγόρου
580 3743 716 3814 τρόφιμος
734 3751 816 3814 χαιοῦ
836 3744 969 3813 στριφνός
986 3739 1037 3812 μέν
1057 3742 1148 3814 ἔμοιγε
1167 3753 1330 3811 προσειπεῖν

292 3827 340 3880 καλ
359 3824 508 3895 μεσόγελως
526 3827 574 3880 καλ
592 3823 731 3891 τωθάζειν
750 3825 816 3879 οὐδὲ
834 3821 904 3892 παρ’
926 3819 1005 3879 οἶνον
1024 3824 1202 3893 μεμαθηκώς,

292 3903 352 3959 ἀλλ’
374 3904 389 3960 ό
407 3927 434 3960 τι
453 3905 572 3976 γράψαι,
589 3902 667 3960 τοῦτ’
689 3903 725 3960 ἂν
744 3905 851 3973 μέλιτος
869 3905 918 3958 καλ
937 3903 1083 3973 Σειρήνων
1102 3903 1234 3974 έτετεύχει

239 4012 280 4081 (in
298 4011 397 4066 ultimo
416 4029 498 4066 versu
521 4012 619 4067 scribit
637 4011 738 4066 Nauck
761 4009 821 4066 ἀλλ’
843 4010 858 4066 ὅ
876 4033 903 4066 τι
922 4011 1058 4081 γράψειεν
1076 4011 1155 4065 ἅπαν
1173 4010 1216 4064 vel
1239 4006 1299 4064 ἀλλ’
1322 4008 1339 4065 ἀ
1361 4033 1391 4067 τι

239 4092 357 4162 γράφετε
384 4092 415 4148 τό
443 4101 502 4148 πᾶν
529 4090 637 4161 μέλιτος
663 4093 712 4146 καλ
735 4091 882 4161 Σειρήνων
907 4091 1081 4159 έπεπνεύκει)
1172 4096 1205 4145 89
1231 4089 1390 4161 Εὐριπίδης

239 4172 360 4228 secludit
377 4172 408 4228 E.
425 4173 566 4227 Schwartz
583 4179 588 4240 Ι
603 4170 724 4245 λέγουσι]
744 4174 814 4242 φασὶ
835 4173 861 4227 G
947 4177 981 4225 90
999 4170 1139 4243 χοιρλλλην
1158 4172 1227 4226 EF.
1247 4167 1390 4241 χοιρέλλου

241 4255 275 4323 G,
294 4251 430 4323 Χοιρῖνην
448 4252 548 4307 Nauck
628 4259 659 4306 91
681 4256 775 4322 δρᾶμα
792 4253 843 4307 τὸν
861 4252 1009 4323 πρότερον]
1028 4251 1180 4317 Kirchhoff‚
1199 4251 1337 4318 πρότερον
1354 4253 1388 4306 τὸ

239 4337 332 4404 δρᾶμα
354 4335 406 4404 τὴν
428 4335 466 4402 G,
489 4335 521 4389 τό
545 4333 639 4403 δράμα
661 4332 798 4400 πρότερον
817 4335 852 4400 F,
875 4335 993 4400 πρώτων
1017 4334 1065 4401 (ἀτ
1087 4331 1117 4385 in
1140 4348 1208 4399 ras,
1231 4331 1287 4385 fuit
1305 4331 1331 4400 δ)
1353 4332 1387 4386 τὸ

239 4418 332 4484 δρᾶμα
351 4416 401 4470 τὸν
420 4415 450 4469 Ε
539 4419 570 4468 91
581 4432 620 4481 sq.
642 4413 796 4469 λππόλντον
814 4418 882 4467 mut.
903 4430 920 4467 ο
937 4431 973 4468 m.
994 4419 1009 4467 2
1028 4413 1059 4467 in
1077 4411 1232 4482 λππολύτην
1253 4412 1279 4469 G
