3044 4942
736 280 940 333 ΕΤΡΙΠΙΔΟΤ

748 443 922 494 EPMIONH.

400 536 527 616 κόσμον
549 529 610 616 μὲν
634 529 720 615 ἀμφὶ
742 531 838 616 κρατὶ
862 531 1003 616 χρυσέας
1025 537 1141 619 χλιδῆς

398 643 542 725 στολμόυ
566 664 600 704 τε
624 642 750 725 χρωτὸς
772 642 870 705 τόνδε
893 644 1055 706 ποικίλων
1077 641 1210 707 πέπλων

398 747 439 812 οὐ
462 758 530 812 τῶν
551 745 724 832 Ἀχιλλέως
747 744 828 812 οὐδὲ
851 745 989 830 Πηλέως
1012 749 1076 813 ἄπο

396 855 511 939 δόμων
533 854 681 939 ἀπαρχὰς
705 849 798 935 δεῦρ’
816 852 925 938 έχουσ’
944 854 1123 940 ἀφικόμην,

396 957 468 1026 ἀλλ’
487 961 522 1027 ἐκ
545 964 717 1046 Λακαίνης
740 963 985 1044 Σπαρτιάτιδος
1008 966 1135 1046 χθονὸς

395 1068 570 1147 Μενέλαος
592 1068 672 1154 ἡμῖν
695 1079 798 1134 ταῦτα
823 1070 977 1150 δωρεῖται
1001 1072 1107 1155 πατὴρ

395 1181 532 1255 πολλοῖς
555 1180 618 1243 σὺν
642 1176 769 1260 ἕδνοις,
793 1173 869 1242 ὥστ’
887 1177 1190 1262 ἐλευθεροστομεῖν.

395 1284 479 1369 ὑμᾶς
502 1281 563 1369 μὲν
586 1278 649 1349 οὖν
673 1277 778 1348 τοῖσδ’
795 1281 1033 1367 ἀνταμείβομαι
1058 1287 1185 1367 λόγοις·

395 1394 438 1457 σὺ
462 1390 491 1457 δ’
511 1386 595 1457 οὖσα
620 1392 724 1475 δούλη
748 1388 803 1456 καὶ
827 1392 1020 1476 δορίκτητος
1042 1385 1129 1475 γυνὴ
1362 1409 1411 1456 155

398 1501 522 1584 δόμους
545 1509 720 1583 κατασχεῖν
744 1496 917 1579 ἐκβαλοῦσ’
937 1497 1022 1584 ἡμᾶς
1044 1498 1155 1574 θέλεις

396 1609 532 1691 τούσδε,
557 1616 741 1690 στυγοῦμαι
766 1603 796 1670 δ’
815 1604 913 1688 ἀνδρὶ
938 1606 1141 1690 φαρμάκοισι
1164 1618 1251 1688 σοῖς,

398 1716 503 1797 νηδὺς
527 1711 557 1779 δ’
577 1713 714 1797 ἀκύμων
737 1714 794 1778 διὰ
818 1712 857 1779 σέ
878 1737 935 1796 μοι
959 1715 1143 1778 διόλλυται·

395 1822 488 1905 δεινὴ
513 1822 576 1906 γὰρ
598 1819 792 1903 Ἠπειρῶτις
815 1819 848 1898 ἐς
870 1823 911 1884 τὰ
933 1822 1044 1886 τοιάδε

394 1930 484 2015 ψυχὴ
507 1939 693 2013 γυναικῶν·
718 1923 765 1993 ὧν
790 1927 955 2012 ἐπισχήσω
980 1925 1009 1992 σ’
1029 1926 1104 2010 ἐγώ,

394 2035 517 2102 κούδέν
541 2033 572 2101 σ’
592 2037 706 2118 ὀνήσει
731 2038 824 2119 δῶμα
848 2036 1007 2119 Νηρῇδος
1029 2036 1120 2115 τόδε,

395 2144 437 2207 οὐ
460 2145 571 2227 βωμὸς
595 2140 674 2208 οὐδὲ
697 2145 792 2225 ναός,
817 2143 899 2207 ἀλλὰ
922 2150 1082 2227 κατθανῇ.

396 2248 439 2333 ἣν
463 2247 492 2315 δ’
513 2245 574 2315 οὖν
598 2254 728 2335 βροτῶν
751 2254 801 2326 τίς
825 2247 893 2334 σ’ίη
916 2255 1007 2315 θεῶν
1032 2260 1137 2314 σῶσαι
1160 2249 1260 2336 θέλη,

399 2359 453 2423 δεῖ
475 2356 506 2421 σ’
522 2357 596 2423 ἀντὶ
620 2369 687 2422 τῶν
709 2355 790 2440 πρὶν
813 2357 937 2441 ὀλβίων
960 2358 1185 2442 φρονημάτων

394 2469 512 2549 πτῆξαι
535 2467 694 2548 ταπεινὴν
717 2476 919 2547 προσπεσεῖν
942 2462 970 2529 τ’
989 2465 1070 2550 ἐμὸν
1093 2468 1188 2548 γόνυ,
1358 2484 1406 2532 155

396 2576 525 2657 σαίρειν
548 2597 582 2639 τε
607 2574 700 2656 δῶμα
723 2573 849 2656 τούμὸν
873 2571 909 2637 ἐκ
932 2573 1149 2656 χρυσηλάτων

397 2679 539 2764 τευχέων
561 2678 632 2765 χερὶ
656 2682 860 2765 σπείρουσαν
881 2678 1042 2768 Ἀχελῴου
1067 2682 1201 2762 δρόσον,

395 2789 526 2870 γνῶναί
547 2781 581 2852 θ’
599 2781 643 2851 ἵν’
662 2781 692 2851 εἰ
713 2796 782 2870 γῆς.
825 2787 867 2851 οὐ
890 2789 953 2872 γάρ
978 2784 1051 2853 ἐσθ’
1070 2784 1198 2871 Ἕκτωρ
1221 2789 1315 2872 τάδε,

396 2895 437 2959 οὐ
462 2897 614 2978 Πρίαμος
638 2892 717 2959 οὐδὲ
744 2895 907 2977 Φρύγιος,
931 2892 1006 2960 ἀλλ’
1028 2891 1146 2971 Ἑλλὰς
1168 2896 1271 2972 πόλις.

394 3001 426 3078 ές
448 3009 548 3066 τοῦτο
572 2997 600 3066 δ’
619 3003 708 3084 ἥκεις
731 3002 894 3086 ἀμαθίας,
918 3003 1062 3087 δύστηνε
1086 3004 1139 3085 σύ,
1356 3022 1405 3070 170

392 3109 412 3193 ἣ
436 3107 530 3174 παιδὶ
553 3111 690 3194 πατρός,
715 3109 752 3186 ὃς
775 3110 837 3173 σὸν
861 3110 984 3174 ὤλεσεν
1007 3111 1117 3191 πόσιν,

394 3221 518 3303 τολμᾷς
541 3215 714 3294 ξυνεύδειν
737 3213 792 3281 καὶ
816 3213 901 3281 τέκν’
921 3216 1090 3281 αὐθέντου
1112 3218 1201 3302 πάρα

350 3454 400 3502 118
420 3451 543 3516 στολμων
562 3451 630 3502 mut.
651 3446 680 3499 in
700 3444 818 3515 στολμόν
832 3448 866 3512 Ρ,
886 3447 983 3501 στόλον
1002 3448 1027 3500 L
1045 3449 1048 3516 1
1065 3446 1146 3501 τόνδε
1162 3448 1234 3513 AL,
1254 3452 1341 3504 τῶνδε
1360 3469 1376 3505 r

261 3536 311 3583 149
332 3527 446 3598 ἁχιλέως
466 3530 492 3581 Β
549 3535 599 3582 150
618 3526 776 3597 ἁιφικύμην
796 3530 822 3580 Α
879 3533 927 3580 151
948 3527 999 3580 οὑκ
1019 3525 1164 3597 Λακαίνης
1183 3527 1282 3582 Nauck
1299 3530 1303 3600 Ι
1320 3547 1404 3597 σπαρ-

259 3609 355 3672 τιάδος
374 3610 412 3674 Β,
440 3611 508 3662 mut.
537 3608 566 3662 in
594 3608 821 3676 σπαρτιότιδοςλ
931 3613 980 3661 153
1009 3607 1102 3670 ἕδνοις
1125 3609 1184 3663 AL
1211 3607 1353 3679 (έδνοιςί)

261 3697 311 3743 154
330 3688 418 3744 τοῖσδ’
437 3690 462 3743 L
481 3686 596 3743 τοιοῖσδ’
614 3708 629 3743 ν
648 3685 1114 3759 (1111115τοιοισίδ’ἀνταμείβομαι,
1134 3688 1250 3758 expulso
1269 3690 1405 3745 vocabulo

259 3768 363 3840 λόχοις,
383 3769 503 3823 coniecit
522 3769 679 3839 Kirchhoff)
709 3774 713 3839 Ι
743 3766 893 3840 ἀμείβομαι
913 3769 940 3821 Ρ
988 3791 989 3795 ’
1029 3775 1080 3822 158
1100 3769 1187 3838 νηδύς
1205 3769 1230 3822 τ’
1249 3770 1372 3842 Lenting

261 3856 310 3904 159
330 3851 477 3919 ίηπειρῶτις
496 3851 521 3902 L
600 3855 650 3902 160
670 3848 759 3920 ψυχὴ]
778 3847 859 3918 τέχνη
880 3848 980 3902 Nauck
1060 3854 1108 3901 161
1130 3852 1252 3919 νηρῇδος
1272 3851 1338 3919 LP,
1357 3872 1405 3920 νη·

259 3930 357 3999 ρηΐδος
375 3949 391 3985 r
469 3936 518 3984 163
539 3929 598 3983 όν*
618 3932 685 3982 mut..
706 3929 735 3981 in
754 3926 805 3982 οὖν
825 3930 852 3981 Β
875 3932 1013 3997 (1511110)
1038 3932 1043 3998 Ι
1067 3933 1145 3983 θεῶν
1163 3928 1204 3992 τίς
1224 3927 1279 3998 δὴ
1299 3932 1405 4002 βροτῶν

261 4013 305 4079 Ρ,
322 4008 363 4073 τίς
382 4007 422 4082 α’]
441 4008 468 4064 τί
488 4006 513 4063 τ’
531 4014 566 4075 Α,
585 4007 627 4071 τίς
647 4010 676 4061 Β
690 4011 694 4078 Ι
711 4009 796 4062 σώσαι
817 4012 843 4063 A
860 4015 863 4079 Ι
880 4010 987 4080 βροτῶν
1005 4006 1059 4064 τιν’
1077 4007 1093 4076 ἢ
1114 4013 1191 4064 θεῶν
1206 4009 1291 4066 σῶσαί
1311 4029 1340 4066 σε
1359 4015 1406 4083 λῇς

259 4091 428 4164 Herwerden
517 4097 567 4144 165
586 4098 771 4156 προυσπεσεῑν
791 4093 817 4144 Α
901 4096 951 4144 166
970 4091 1010 4161 τε]
1030 4090 1061 4144 τὸ
1080 4089 1106 4142 L
1134 4092 1192 4144 τελ
1276 4098 1325 4145 167
1346 4093 1404 4146 τεύ-

259 4190 329 4241 χεων
349 4172 376 4224 Β
392 4175 396 4239 l
413 4171 482 4240 χειρὶ
502 4178 509 4232 1,
514 4189 537 4223 ει
556 4169 587 4222 in
606 4189 618 4223 ε
638 4185 705 4223 corr.
722 4171 761 4237 Β)
780 4167 947 4237 σπείρουσαν
962 4172 1032 4236 ΒΕ,
1047 4169 1280 4238 περισπείρουσαν
1295 4174 1328 4237 Ρ,
1348 4173 1406 4243 χερὶ

259 4250 412 4319 σπείρασαν
431 4252 457 4305 L
476 4254 522 4320 (ασ
542 4250 570 4303 111
590 4268 641 4305 ουσ
659 4253 726 4303 mut.
748 4252 766 4313 l)
859 4257 909 4304 168
929 4245 1002 4319 ἴν’ἦ
1023 4253 1063 4317 Β,
1084 4249 1131 4304 ἵνα
1150 4251 1180 4304 Ε
1262 4258 1312 4306 169
1334 4253 1404 4320 Φρύ-

260 4333 331 4404 γιος]
350 4331 417 4386 olim
435 4332 591 4399 Hermann,
610 4328 711 4400 χρυσός
729 4330 795 4384 libri
887 4337 938 4385 170
956 4349 1076 4386 tom*
1097 4335 1164 4386 mut.
1185 4332 1315 4387 111τοῦτο
1335 4331 1361 4387 δ’
1380 4334 1404 4388 L

297 4419 346 4466 171
367 4410 384 4481 ἢ
404 4416 431 4468 Α
451 4410 467 4480 ἢ
489 4412 645 4481 ΑἾῶλεσε
666 4412 693 4464 Β
768 4418 817 4465 172
837 4416 923 4485 τολμᾷ
943 4414 970 4466 Β
987 4417 990 4481 Ι
1008 4413 1155 4467 αὐθεντῶν
1173 4412 1331 4467 J.Heiland
