3052 4934
519 766 749 842 Notarum
776 764 925 841 index.

667 927 773 934 -—..-

149 1018 176 1071 B
194 1044 227 1062 =
247 1016 334 1070 codex
348 1014 501 1068 Vaticanus
521 1017 572 1066 909
592 1010 777 1080 bombycinus
797 1025 867 1064 saec.
879 1009 951 1078 x111,
966 1025 1000 1063 ex
1014 1026 1069 1078 quo
1084 1008 1161 1064 foliis
1176 1008 1294 1078 perditis

246 1104 410 1158 exciderunt
429 1120 453 1157 v.
474 1107 622 1170 112-151,
643 1106 794 1166 551-630,
814 1104 955 1153 898-996

246 1193 288 1249 B²
302 1220 335 1239 =
350 1208 449 1246 manus
467 1190 585 1260 antiqua
604 1188 754 1244 correctrix

246 1282 287 1338 B'
306 1281 391 1336 etiam
407 1307 440 1326 =
455 1296 550 1349 apogr.
574 1277 665 1333 Palat.
689 1277 763 1331 inter
785 1277 939 1332 Vaticanos
964 1283 997 1332 98
1021 1277 1050 1331 in
1074 1275 1115 1330 eis
1138 1277 1187 1346 qui
1213 1295 1246 1332 ex
1266 1281 1294 1334 B

245 1371 409 1426 exciderunt
427 1368 553 1423 versibus

245 1462 260 1515 b
275 1488 308 1507 =
323 1477 423 1514 manus
441 1457 581 1513 recentior

102 1536 104 1541 ⁴
145 1571 160 1607 c
195 1578 227 1597 =
247 1551 334 1605 codex
358 1547 563 1608 Laurentianus
588 1553 678 1616 31,10
706 1547 871 1601 chartaceus
900 1563 971 1602 saec.
990 1546 1064 1615 XIV,
1092 1545 1140 1614 qni
1169 1546 1296 1599 continet

243 1659 267 1695 v.
289 1646 394 1694 1-‘114

148 1732 170 1785 Ο
193 1758 225 1776 =
246 1730 333 1785 codex
352 1726 522 1782 Hauniensis
541 1732 592 1780 417
613 1727 777 1779 chartaceus
797 1741 869 1781 saec.
885 1725 935 1780 XV

147 1945 173 1999 L
192 1971 225 1990 =
245 1944 332 1998 codex
351 1942 557 1997 Laurentianus
573 1947 647 2009 32st
668 1942 832 1995 chartaceus
851 1939 1002 1995 saec.le

243 2034 253 2086 l
267 2060 300 2079 =
315 2049 414 2086 manus
434 2030 612 2086 correctriccs

146 2125 173 2177 P
192 2151 224 2170 =
244 2123 332 2178 codex
350 2121 498 2176 Palatinus
516 2120 591 2176 inter
609 2119 763 2174 Vaticanos
783 2126 833 2173 287
854 2119 1083 2174 membranaceus
1102 2136 1174 2175 saec.
1190 2119 1253 2173 XIV

238 2230 260 2282 p
275 2240 308 2259 =
323 2229 423 2266 manus
442 2208 623 2267 correctrices

482 2423 614 2478 Passim
635 2424 955 2478 commemorantur:

145 2534 175 2589 D
192 2560 225 2580 =
244 2533 404 2602 fragmenta
423 2530 609 2585 Ambrosiana
632 2530 699 2584 libri
718 2529 881 2599 bombycini
901 2546 973 2584 saec.
989 2530 1140 2583 XII—XIII
1159 2529 1238 2584 edita
1257 2531 1293 2584 ab

243 2621 351 2691 Angelo
374 2620 432 2675 Mai
457 2620 486 2673 in
509 2637 631 2690 prooem.
656 2620 692 2673 ad
716 2619 815 2689 fragm.
835 2619 870 2672 Jl.
894 2618 1008 2674 Mediol.
1035 2624 1103 2673 1819
1133 2635 1206 2688 quae
1230 2637 1295 2674 con-

242 2710 334 2764 tinent
351 2728 375 2764 v.
396 2714 538 2763 856-884

144 2801 178 2854 H
193 2799 328 2854 :codex
347 2799 516 2853 Harleianus
535 2803 604 2852 5743

151 2891 226 2944 W=
240 2889 429 2958 fragmentum
458 2878 563 2943 codicis
592 2887 748 2956 Panopolit.
779 2903 849 2942 saec.
874 2886 912 2940 IV
936 2887 978 2941 vel
1002 2888 1036 2955 V,
1065 2890 1140 2957 quod
1168 2889 1296 2943 continet

242 2996 266 3033 v.
286 2984 405 3045 48-90,
430 2977 538 3032 editum
557 2977 593 3030 ab
614 2975 646 3030 U.
661 2974 792 3030 Wilcken
810 2977 840 3028 in
860 2975 1017 3046 Sitzungsb.
1038 2978 1064 3032 d.
1084 2977 1187 3047 preuss.
1207 2979 1294 3033 Acad.

243 3067 270 3123 d.
286 3066 369 3122 Wiss.
390 3072 458 3121 1887
479 3084 506 3136 p.
527 3070 647 3134 8l3sqq.

144 3264 160 3300 r
196 3272 230 3292 =
246 3244 348 3314 reliqui
367 3244 433 3299 libri

146 3354 161 3387 s
195 3362 228 3382 =
244 3334 327 3389 litera
345 3334 388 3389 vel
408 3338 540 3389 accentus
560 3350 656 3388 erasus

234 3548 333 3603 Libros
348 3549 469 3605 BCLP
482 3548 662 3603 contulerunt
676 3548 708 3603 R.
724 3547 806 3602 Prinz
826 3551 856 3601 ct
873 3547 906 3603 H.
922 3547 1022 3602 Hinck.
1053 3547 1184 3602 Codicem
1199 3567 1213 3603 c
1227 3548 1296 3603 mihi

145 3638 265 3693 contulit
283 3639 316 3692 H.
327 3637 426 3692 Vitelli
446 3637 495 3707 qui
519 3640 551 3692 ut
575 3637 799 3693 benevolentiam
824 3637 853 3691 in
876 3638 949 3691 hunc
968 3635 1112 3706 Euripidis
1134 3637 1295 3692 fabularum

145 3727 298 3783 editionem
321 3727 454 3782 collatam
474 3726 643 3794 cumularet,
663 3726 749 3781 etiam
768 3727 842 3780 hanc
861 3743 974 3796 operam
993 3744 1103 3781 summa
1121 3725 1295 3781 liberalitate

144 3817 275 3887 suscepit.
312 3817 458 3872 Lectiones
477 3816 582 3872 codicis
600 3819 634 3872 H
649 3817 685 3870 ad
705 3801 909 3887 Argumentum
927 3817 1101 3886 pertinentes
1121 3833 1155 3871 ex
1174 3817 1295 3871 scholio-

144 3924 205 3959 rum
232 3905 357 3961 editione
384 3907 420 3960 ab
443 3907 473 3962 E.
490 3907 630 3960 Schwartz
653 3906 783 3961 confecta
805 3907 914 3977 recepi,
942 3906 991 3960 cfr.
1017 3906 1104 3960 etiam
1123 3906 1224 3961 Philol.
1246 3907 1295 3958 VII

144 4015 170 4064 p.
191 4001 242 4048 559
253 4013 314 4064 sqq.
