3014 4942
697 261 901 316 ΕΤΡῙΠΙΔΟΤ

357 430 471 511 πρώτη
494 429 668 511 θυραίους.
710 424 746 490 ἐκ
770 420 807 490 δὲ
830 426 996 507 γενναίων
1019 424 1133 507 δόμιον

359 532 429 603 τόδ’
447 530 525 619 ἦρξε
548 536 717 618 θηλείαισι
741 533 917 615 γίγνεσθαι
941 534 1052 596 κακόν.

361 643 442 707 ὅταν
465 643 529 726 γάρ
552 641 672 725 αίσχρδ
694 649 803 705 τοῖσιν
826 638 999 704 ἐσθλοῖσιν
1023 638 1121 721 δοκῇ,

359 744 388 832 ἧ·
404 748 507 831 κάρτα
531 748 620 825 δόξει
642 756 712 823 τοῖς
733 756 846 823 κακοῖς
869 739 955 810 εἶναι
976 743 1070 810 καλά.

360 867 445 940 μισῶ
470 850 507 920 δὲ
530 852 665 929 καὶτὰς
688 854 866 936 σώφρονας
888 848 950 936 μὲν
974 850 1011 917 ἐν
1033 852 1159 933 λόγοις,

362 964 473 1048 λάθρα
498 957 536 1026 δὲ
558 962 680 1044 τόλμας
704 959 745 1024 οὐ
767 959 867 1036 καλὰς
890 958 1097 1042 κεκτημένας.

360 1073 397 1135 αἰ·
416 1080 486 1146 πῶς
508 1063 596 1151 ποτ’,
619 1062 646 1132 ώ
670 1065 830 1132 δέσποινα
853 1068 972 1130 ποντία
996 1065 1127 1149 Κύπρι,

314 1237 315 1240 ,
360 1176 542 1261 βλέπουσιν
565 1174 599 1252 ἐς
621 1177 781 1255 πρόσωπα
804 1183 872 1238 τῶν
896 1171 1103 1251 ξυνευνετῶν

361 1282 440 1349 οὐδὲ
464 1285 584 1349 σκότον
607 1284 790 1365 φρίσσουσι
813 1283 873 1346 τὸν
896 1280 1099 1365 ξυνεργάτην

362 1390 507 1475 τέραμνά
529 1386 557 1453 τ’
576 1395 679 1456 νίκων
701 1391 745 1472 μή
768 1410 848 1453 ποτε
870 1389 1029 1472 φθογγὴν
1052 1386 1135 1472 ἀφῇς

362 1498 446 1582 ἡμᾶς
469 1499 532 1582 γάρ
558 1496 638 1561 αὐτὸ
661 1492 751 1562 τοῦτ’
769 1495 973 1577 ἀποκτείνει,
997 1497 1109 1578 φίλαι,

362 1606 406 1682 ώς
429 1599 547 1689 μήποτ’
564 1605 671 1688 άυδρα
694 1604 754 1668 τὸν
777 1602 856 1686 ἐμὸν
879 1598 1053 1687 αίσχύνασ’
1074 1601 1158 1683 ἁλῶ,

364 1714 408 1797 μὴ
431 1713 552 1788 παῖδας
575 1710 635 1790 οὓς
658 1714 801 1776 ἔτικτον·
826 1707 897 1774 ἀλλ’
917 1709 1091 1792 ἐλεύθεροι

363 1823 531 1906 παρρησίᾳ
553 1818 736 1896 θάλλοντες
759 1820 885 1884 οἰκοῖεν
907 1821 1006 1883 πόλιν

366 1931 506 1992 κλεινῶν
527 1923 692 2010 Ἀθηνῶν,
716 1927 838 2010 μητρὸς
861 1921 959 1990 εἵνεκ’
979 1923 1132 2000 εὐκλεεῖς.

365 2034 484 2098 δουλοῖ
504 2034 567 2116 γάρ
591 2034 713 2119 ἄνδρα,
737 2031 799 2097 κάν
821 2032 1126 2116 θρασύσπλαγχνός
1148 2053 1198 2107 τις
1220 2018 1257 2113 ᾖ,

364 2141 444 2206 όταν
468 2140 601 2224 ξυνειδῇ
626 2143 747 2223 μητρὸς
770 2139 790 2224 ἢ
813 2142 937 2223 πατρὸς
960 2140 1053 2204 κακά.

365 2251 470 2332 μόνον
494 2244 531 2313 δὲ
554 2250 651 2313 τοῦτό
675 2244 754 2331 φασ’
773 2247 978 2329 ἁμιλλᾶσθαι
1002 2249 1081 2334 βίφ,

365 2357 503 2439 γνώμην
526 2357 659 2419 δικαιάν
683 2353 849 2437 κάγαθην,
871 2354 936 2440 ότφ
961 2363 1059 2438 παρῇ.

366 2464 488 2537 κακοὺς
512 2457 550 2526 δὲ
572 2467 708 2544 θνητῶν
732 2458 879 2543 ίξίφηύ,
902 2460 983 2524 όταν
1006 2460 1104 2546 τύχη,

367 2565 506 2651 προθεὶς
529 2568 715 2651 κάτοπτρον
738 2566 822 2631 ώσιε
845 2565 1004 2653 παρθένῳ
1028 2566 1089 2653 νεά

366 2678 502 2759 χρόνος·
525 2672 604 2755 παρ’
623 2667 689 2740 οἷσι
713 2671 834 2758 μήποτ’
853 2674 999 2759 ὀφθείην
1023 2674 1096 2758 ἐγώ.

256 2786 325 2847 XO.
366 2793 431 2868 φεῦ
455 2792 536 2865 φεῦ·
560 2784 597 2846 τὸ
621 2793 760 2866 σῶφρον
784 2781 828 2858 ώς
850 2781 1041 2866 ἁπανταχοῦ
1064 2783 1167 2847 καλὸν

366 2889 420 2955 καὶ
445 2890 547 2970 δόξαν
571 2889 697 2973 ἐσθλὴν
721 2888 758 2954 ἐν
782 2892 915 2973 βροτοῖς
939 2893 1135 2972 καρπίζεται.

259 2997 321 3061 ΤΡ.
368 2995 530 3080 δέσποιν’,
554 2997 630 3081 ἐμοί
649 3020 700 3062 τοι
724 2997 882 3080 συμφορά
905 2993 965 3080 μὲν
989 2995 1109 3078 ἀρτίως

368 3103 388 3186 ἡ
413 3104 453 3187 σὴ
477 3101 619 3187 παρέσχε
644 3104 757 3169 δεινὸν
780 3102 937 3188 ἐξαίφνης
960 3104 1086 3185 φόβον·

323 3348 376 3395 410
395 3340 525 3412 γίνεσθαι
545 3343 605 3397 AP
675 3349 725 3396 411
746 3341 871 3395 ἐσθλοῖσι
890 3341 1015 3410 Bm,
1039 3340 1181 3397 ἐσθλοῖσιν
1201 3343 1230 3412 ίΙ
1254 3344 1325 3411 δοκη
1345 3344 1379 3409 L,

234 3422 284 3476 sed
303 3431 320 3491 η
339 3438 374 3475 ex
393 3421 451 3476 alia
468 3421 552 3476 litera
569 3440 638 3477 corr.
657 3424 684 3477 L
703 3422 745 3476 vel
765 3425 798 3480 ῖ,
847 3419 1030 3491 413ἣΑΡΙ
1048 3421 1123 3487 δόξει
1144 3423 1245 3490 KLP,
1264 3421 1379 3495 δόξηΑ,

235 3501 304 3572 δόξη
324 3506 392 3557 mut.
412 3502 442 3556 in
460 3501 536 3569 δόξει
555 3505 619 3571 Ea,
639 3501 706 3572 δόξη
727 3503 783 3556 BG
802 3505 806 3571 λ
831 3510 929 3564 κακοῖς
948 3500 975 3572 γ’
993 3504 1117 3572 AaBC,
1136 3503 1163 3575 γ’
1181 3522 1234 3558 om.
1255 3505 1348 3558 ELP

235 3588 287 3636 414
306 3582 401 3650 λάθρα
419 3580 451 3637 δὲ
469 3580 583 3653 τόλμασ’
600 3586 627 3638 Α
735 3589 788 3635 413
813 3578 845 3636 al
863 3585 890 3638 A
908 3581 1008 3650 (αδεσπ.
1029 3583 1115 3638 schol.
1135 3583 1315 3638 στενακιικδν
1334 3584 1382 3638 καλ

237 3663 451 3733 σχετλιαστικδν)
467 3667 472 3733 Ι
487 3661 559 3718 ποθ’
577 3682 645 3718 corr.
665 3664 695 3718 in
713 3661 777 3717 ποτ’
796 3665 828 3717 K
878 3669 930 3717 417
951 3661 1115 3732 φρίσσουσιν
1135 3667 1170 3730 Α,
1190 3661 1320 3733 φρίσουσι
1339 3664 1379 3734 1³1

236 3741 409 3812 συνεργάτην
428 3744 456 3797 Ρ
471 3744 653 3814 (ξυνεργάτην
672 3744 758 3798 etiam
778 3744 821 3811 Κ)
911 3749 964 3798 418
982 3743 1106 3813 τέραμνα
1125 3745 1164 3812 L,
1184 3741 1302 3813 τέρεμνα
1321 3744 1383 3798 ΑΕ

236 3823 319 3877 acl<
322 3823 355 3890 P,
379 3824 427 3878 cfr.
447 3824 551 3879 Phoen.
572 3831 624 3879 333
697 3831 749 3878 419
767 3832 849 3879 τοῦτο
871 3824 919 3894 K!
936 3821 1096 3879 ἀποκτείνει
1115 3824 1216 3891 ELP,
1235 3824 1384 3879 ἀποκτενεῖ

237 3902 385 3956 ΑαΒΟΚ
454 3909 506 3955 433
526 3904 629 3958 οίκεῖεν
647 3905 704 3959 BC
756 3910 808 3957 433
829 3902 923 3959 οὕνεκ’
941 3903 985 3958 vel
1004 3901 1099 3959 οὕνεκ’
1116 3904 1182 3958 libri
1237 3910 1290 3957 434
1308 3907 1381 3970 θρα-

238 3981 411 4051 ούσπλαχνος
429 3982 467 4049 L,
496 3983 690 4052 θρασύστομος
707 3983 789 4053 Diog.
809 3984 838 4038 L.
859 3991 883 4052 4,
899 3991 931 4039 51
963 3985 967 4054 Ι
998 3980 1067 4040 elo
1140 3990 1191 4038 436
1211 3981 1241 4038 δὲ
1262 3984 1310 4037 καί
1329 3984 1379 4053 Ιιλ

238 4061 307 4128 φασὶ
326 4059 409 4115 τοῦθ’
431 4062 508 4116 Stob.
528 4061 554 4116 fl.
575 4068 664 4131 99,11
690 4063 782 4131 (τοῦτό
806 4064 875 4132 φατ’
893 4064 979 4118 etiam
1004 4066 1048 4134 K)
1156 4070 1207 4118 437
1229 4062 1294 4137 ὅτῳ]
1314 4062 1382 4119 όταν

236 4142 373 4195 Stobaeus
393 4141 457 4213 (ότφ
477 4142 563 4196 etiam
574 4144 617 4209 K)
662 4150 714 4197 439
733 4147 869 4213 προσθεὶς
883 4148 927 4215 ΡΙ
944 4146 981 4208 ὡς
996 4146 1019 4200 0
1033 4146 1037 4216 Ι
1053 4144 1198 4212 παρθένος
1216 4143 1266 4200 νέα
1288 4146 1347 4198 LP

237 4229 288 4274 439
308 4221 323 4275 δ
342 4220 442 4291 χρόνος
461 4226 490 4276 οῖ
508 4220 580 4277 οἶσιν
599 4225 608 4276 l
624 4227 628 4288 Ι
644 4224 681 4293 μὴ
700 4224 895 4296 προσοφθείην
907 4227 938 4280 Κ
985 4233 1034 4280 431
1056 4227 1104 4298 ὡς]
1124 4236 1182 4288 πῶς
1197 4227 1274 4294 LPl
1291 4226 1382 4280 άπαν-

237 4311 322 4372 ταχοῡ
342 4303 534 4372 ΑΕσΒΚΡ,
554 4302 700 4374 διπανταχῆ
721 4306 773 4360 GL
845 4313 897 4361 433
916 4305 1056 4375 κομίζεται
1074 4307 1140 4375 LP,
1160 4307 1237 4362 stab.
1252 4306 1278 4361 fl.
1299 4312 1324 4375 ό,
1339 4312 1382 4375 30,

238 4381 338 4438 Christ.
357 4386 415 4453 pat.
436 4389 488 4438 349
561 4390 612 4438 433
632 4383 736 4454 ίμαί·τ’
754 4406 781 4440 οι
800 4387 817 4455 η
836 4386 967 4456 συμφορὰ
986 4390 1013 4442 Α
