3052 4934
297 453 371 538 ἐμοὶ
393 455 457 537 γάρ
481 450 583 518 οὐδέν
608 450 698 519 ἐστιν
720 451 839 534 άλγιον
861 450 979 534 βάρος,

297 562 330 640 ἐξ
354 557 395 627 οὗ
419 557 449 644 γ’
477 563 585 646 ἔκρινε
608 559 743 642 Κύπριν
762 554 978 642 Ἀλέξανδρος
1001 559 1087 624 θεάν

297 670 409 735 κάλλει
431 670 591 752 προήκειν
613 674 672 749 τῆς
694 665 773 749 έμῆς
795 666 979 750 εὐμορφίας

295 774 351 842 καὶ
374 785 448 859 σής,
468 772 611 858 Ἀθάνα,
635 773 794 856 φιλτάτης
816 771 889 857 ἐμοὶ
911 778 1018 856 θεῶν,

296 885 328 948 εί
348 883 392 966 μή
416 892 682 967 κατασκαφεῖσαν
705 881 830 964 όήομαι
852 882 951 945 πόλιν

298 989 468 1075 Πριάμου,
491 993 548 1076 βίᾳ
571 991 750 1073 πρόρριζον
774 985 1036 1071 έκτετριμμένην.

452 1344 741 1447 Ἀριστοφάνους
767 1349 957 1429 ὑπόθεσις.

220 1538 334 1627 Ῥῆσος
357 1553 433 1620 παῖς
456 1538 517 1626 μὲν
540 1536 583 1624 ήν
602 1543 799 1625 Στρυμόνος
821 1552 883 1608 τοῦ
905 1552 1055 1625 ποταμοῦ
1078 1540 1133 1607 καὶ
1160 1545 1280 1624 Τερψι-

135 1653 250 1734 χόρης,
288 1655 440 1716 Μουσῶν
484 1657 575 1733 μιᾶς,
617 1652 758 1736 Θρᾳκῶν
799 1645 836 1713 δὲ
878 1647 1064 1733 ἡγούμενος
1100 1651 1147 1726 εἰς
1174 1648 1281 1715 Ἴλιον
1301 1668 1335 1715 50

135 1760 354 1841 παραγίνεται
387 1759 522 1840 νυκτός,
553 1754 906 1839 στρατοπεδευομένων
939 1766 1006 1820 τῶν
1038 1757 1162 1839 Τρώων
1193 1757 1282 1839 παρά

135 1876 206 1942 ταῖς
228 1863 333 1929 ’ναυσὶ
360 1861 628 1946 τῶνἙλλήνων.
679 1871 799 1928 τοῦτον
824 1861 1001 1941 Ὀδυσσεὺς
1027 1865 1082 1929 καλ
1108 1865 1282 1949 Διομήδης

136 1971 337 2037 κατάσκοποι
352 1974 445 2048 ὄντες
459 1971 667 2056 ἀναιροῦσιν,
683 1966 827 2055 Ἀθηνᾶς
844 1968 1069 2055 ὑποθεμένης·
1093 1970 1198 2056 μέγαν
1216 1973 1280 2055 γὰρ

136 2079 273 2143 ἔσεσθαι
299 2080 461 2144 κίνδυνον
489 2077 525 2143 έκ
552 2078 683 2143 τούτου.
739 2080 923 2163 Τερψιχόρη
953 2073 989 2143 δὲ
1018 2078 1216 2163 ἐπιφανεῖσα
1243 2080 1281 2143 τὸ

135 2193 196 2250 τοῦ
223 2186 342 2263 παιδὸς
369 2197 463 2269 σῶμα
491 2185 647 2251 ἀνείλετο.
694 2184 738 2262 ὡς
767 2185 804 2250 έν
833 2185 968 2271 παρόδῳ
997 2182 1034 2250 δέ
1063 2187 1281 2270 διαλαμβάνει
1301 2201 1335 2250 55

135 2288 287 2376 καὶπερὶ
310 2302 371 2360 τοῦ
394 2296 504 2377 φόνου
527 2300 588 2357 τοῦ
610 2294 778 2369 Δόλωνος.

223 2398 244 2482 ἡ
273 2401 378 2484 σκηνὴ
407 2408 467 2465 τοῦ
495 2400 661 2483 δράματος
689 2396 725 2463 έν
752 2400 867 2485 Τροίᾳ.
913 2399 930 2465 ὁ
959 2401 1057 2483 χορὸς
1080 2398 1281 2483 συνέστηκεν

134 2505 171 2571 ἐκ
193 2507 354 2591 φυλάκων
382 2511 552 2591 Τρωικῶν,
576 2509 611 2571 οἳ
630 2504 685 2572 καὶ
708 2509 951 2590 προλογίζονσι.
993 2504 1136 2590 περιέχει
1160 2502 1196 2571 δὲ
1219 2508 1281 2590 τήν

134 2617 378 2699 νυκτεγερσιάν.

223 2812 258 2862 42
282 2806 335 2877 γὰρ
358 2808 410 2862 οόκ
434 2807 521 2861 ἔνεστι
546 2808 603 2862 BC
626 2811 629 2875 Ι
656 2806 753 2876 ἄλγιον
776 2807 863 2878 βάρος
886 2809 954 2873 LP,
973 2805 1124 2879 άληέβαρος
1146 2808 1190 2874 H,
1214 2807 1281 2879 βάρ-

135 2890 222 2959 βαρος
240 2889 300 2943 BG
388 2894 422 2941 43
442 2887 471 2952 ἐξ
490 2883 523 2941 οὗ
543 2885 568 2956 γ’
591 2888 658 2956 LP,
677 2886 706 2953 ἐξ
725 2883 768 2941 ὅτ’
790 2887 858 2956 ΒΟ,
878 2888 906 2953 ἐξ
925 2885 973 2941 ὥτ’
995 2888 1029 2941 Η
1051 2891 1055 2957 Ι
1081 2888 1177 2956 ἔκρινα
1197 2889 1279 2959 LPi

135 2967 308 3037 άλεξάνδρου
326 2969 431 3034 LPH,
450 2966 545 3032 ἀλέξαι
565 2968 624 3023 130
707 2973 741 3021 44
759 2967 907 3040 προήκειν]
926 2967 1111 3034 Valckenaer‚
1130 2967 1281 3036 προσήκειν

134 3048 201 3102 libri
291 3053 325 3101 45
341 3046 461 3119 Ἀθάνα]
485 3047 674 3117 Valckenaer,
699 3049 797 3117 ἀθηνᾶ
820 3046 887 3102 libri
908 3048 912 3120 l
933 3048 1078 3121 φιλτάτης]
1096 3048 1281 3116 Valckenaer‚

135 3125 245 3198 φίλτατ’
266 3129 400 3196 LPHO,
419 3125 513 3197 φίλατ’
536 3131 564 3183 Β
659 3135 692 3183 47
711 3128 763 3198 τὴν
781 3127 905 3198 πριάμου
930 3130 954 3184 0
981 3131 984 3199 Ι
1014 3127 1062 3202 βίᾳ
1082 3146 1135 3183 om.
1155 3129 1212 3184 ΒΟ

135 3215 169 3263 48
193 3208 400 3278 άριστοφάνονς
418 3206 555 3272 ὑπόθεσις
574 3212 614 3276 Β,
637 3211 779 3272 ὑπόθεσις
797 3206 883 3279 ἆήοου
902 3211 945 3277 Η,
965 3226 1019 3264 0111.
1040 3210 1126 3264 OLP
1196 3216 1229 3263 49
1240 3227 1280 3278 sq.

135 3299 203 3352 παῖς
220 3291 286 3359 posi
304 3297 369 3358 μιᾶς
387 3289 528 3344 collocant
546 3291 603 3345 Bo
628 3293 631 3358 Ι
657 3291 705 3344 καὶ
724 3306 777 3345 om.
797 3291 831 3344 H
850 3291 854 3361 Ι
880 3298 945 3359 μιᾶς
962 3299 1018 3344 τῶν
1036 3291 1191 3359 μουσῶνο
1247 3296 1279 3343 51

135 3368 442 3441 στρατοπεδευομένων]
471 3369 582 3440 scripsi,
607 3368 832 3440 στρατευομένων
855 3370 922 3424 libri
943 3371 946 3441 l
967 3379 1022 3425 τῶν
1045 3387 1098 3424 om.
1119 3371 1214 3426 ΒΘΗ

136 3456 169 3504 53
188 3452 445 3514 κατασκοπεάοντες
463 3449 563 3504 Nauck
589 3456 593 3520 Ι
619 3453 714 3514 αὐτοῖς
732 3449 910 3520 ὑποθεμένης
928 3451 1023 3505 BCH
1092 3457 1176 3520 53sq.
1196 3449 1281 3522 μέγας

136 3530 188 3602 γὰρ
212 3532 321 3600 ἔμελλεν
344 3533 458 3587 ἔσεσθαι
480 3541 539 3595 τοῖς
562 3530 652 3601 έλλησι
679 3528 813 3594 κίνδυνος
835 3533 905 3598 LP,
929 3531 1016 3601 μέγαν
1035 3529 1067 3584 δὲ
1086 3532 1200 3586 ἔσεσθαι
1223 3541 1282 3595 τοῖς

136 3609 245 3681 έλλησιν
264 3609 399 3668 κίνδυνον
417 3614 451 3666 Η
517 3619 601 3681 δότω.
622 3613 659 3675 ὡς
679 3655 702 3666 ..
723 3611 853 3675 Δόλωνος
870 3614 982 3682 praeter
1002 3613 1025 3667 0
1042 3628 1094 3667 om.
1115 3613 1182 3667 ΒΗ
