3052 4934
708 302 913 353 ΕΤΡΠΙΙΔΟΤ

374 465 438 551 ἐγὼ
463 465 515 531 δέ·
538 475 680 549 νικῶμαι
702 465 766 550 γάρ
785 461 934 548 Ἀργείας
955 470 1041 530 θεοῦ

363 572 472 660 Ἥρας
490 571 637 650 Ἀθάνας
659 570 710 656 θ’,
733 575 770 637 αἳ
790 569 981 649 συνεξεῖλον
1007 573 1154 659 Φρύγας·

375 685 477 748 λείπω
500 682 538 746 τὸ
561 681 694 746 κλεινὸν
709 675 815 744 Ἴλιον
837 679 971 763 βωμούς
994 675 1022 743 τ’
1045 678 1158 764 έμούς·
1359 697 1395 744 25

304 778 310 788 ⁰
373 788 493 875 έρημία
515 789 578 872 γάρ
602 791 701 854 πόλιν
724 786 805 852 ὅταν
829 786 913 872 λάβῃ
937 789 1035 870 κακή,

373 908 471 962 νοσεῖ
490 897 530 961 τὰ
552 907 620 961 τῶν
642 901 733 960 θεῶν
757 891 838 959 οὐδὲ
860 900 1022 978 τιμᾶσθαι
1043 892 1145 960 θέλει.

336 1001 340 1015 '
375 1009 513 1081 πολλοῖς
536 999 573 1067 δὲ
596 1013 795 1067 κωκυτοῖσιν
818 1001 1070 1087 αἰχμαλωτίδων

375 1114 439 1197 βοᾷ
462 1109 684 1194 Σκάμανδρος
707 1109 869 1186 δεσπότας
890 1107 1136 1194 κληρουμένων.

375 1214 511 1294 καὶτὰς
533 1212 594 1300 μὶν
614 1212 746 1302 Ἀρκάς,
768 1215 826 1291 τάς
849 1212 886 1284 δὲ
910 1219 1077 1294 Θεσσαλὸς
1100 1218 1181 1294 λεὼς

376 1320 476 1409 εἴληχ’
499 1321 689 1406 Ἀθηναίων
712 1346 746 1386 τε
771 1323 931 1405 Θησεῖδαι
954 1326 1086 1410 πρόμοι.

377 1433 453 1497 ὅσαι
476 1425 507 1496 δ’
528 1431 666 1514 ἄκληροι
694 1429 878 1518 Τρῳάδων,
902 1430 966 1494 ὑπὸ
991 1429 1121 1515 στέγαις

377 1537 486 1605 ταῖσδ’
507 1535 570 1603 είσλ
593 1549 663 1613 τοῖς
685 1538 869 1623 πρώτοισιν
892 1535 1089 1623 ἐξῃρημέναι

378 1655 536 1733 στρατοῦ,
559 1646 623 1710 σὺν
646 1643 762 1722 αὐταῖς
784 1642 814 1709 δ’
837 1644 857 1728 ἡ
881 1645 1033 1711 Λάκαινα
1062 1644 1227 1736 Τυνδαρὶς

372 1752 505 1837 Ἑλένη,
528 1748 718 1837 νομισθεῖσ’
741 1753 946 1837 αἰχμάλωτος
970 1751 1116 1832 ἐνδίκως.

379 1863 441 1946 την
465 1855 495 1925 δ’
517 1860 641 1926 ἀθλίαν
663 1855 758 1944 τήνδ’
781 1865 815 1924 εῖ
833 1884 883 1938 τις
906 1862 1041 1944 εἰσορᾶν
1063 1859 1171 1944 θέλει,

379 1969 554 2051 πάρεστιν,
571 1965 716 2052 Ἑκάβην
738 1965 894 2052 κειμένην
916 1969 1175 2053 πνλῶνλπάρος,

381 2075 510 2160 δάκρυα
533 2072 676 2158 χέουσαν
699 2074 807 2139 πολλά
829 2071 884 2138 καὶ
906 2079 1039 2140 πολλῶν
1063 2075 1160 2159 ὕπερ·

380 2173 401 2269 ᾗ
425 2193 503 2259 παῖς
525 2179 587 2266 μὲν
610 2178 695 2265 ἀμφὶ
718 2178 819 2265 μνῆμ’
843 2176 1027 2266 Ἀχιλλείον
1049 2184 1160 2267 τάφου

381 2291 492 2377 λάθρᾳ
514 2289 656 2372 τέθνηκε
679 2291 851 2373 τλημόνως
874 2287 1066 2375 Πολυξένη,

385 2399 534 2484 φροῦδος
557 2393 595 2461 δὲ
619 2399 770 2480 Πρίαμος
792 2394 847 2460 καὶ
869 2391 972 2462 τέκν’·
995 2397 1037 2481 ἣν
1062 2395 1098 2462 δέ
1120 2396 1297 2480 παρθένον

384 2502 504 2589 μεθῆκ’
525 2497 694 2568 Ἀπόλλων
718 2503 869 2587 δρομάδα
891 2504 1096 2587 Κασάνδραν
1119 2505 1216 2587 ἄναξ,

385 2615 422 2678 τὸ
445 2620 506 2677 τοῦ
528 2616 614 2675 θεοῦ
636 2633 671 2674 τε
693 2610 889 2695 παραλιπὼν
911 2614 949 2676 τό
972 2605 1001 2675 τ’
1022 2608 1155 2696 εὐσεβές

385 2729 486 2805 γαμεῖ
505 2720 622 2802 βιαίως
645 2719 778 2782 σκότιον
798 2715 1011 2803 Ἀγαμέμνων
1035 2717 1137 2805 λέχος.

384 2823 470 2909 ἀλλ’,
493 2819 519 2890 ὦ
542 2820 615 2889 ποτ’
639 2823 840 2909 εὐτυχοῦσα,
862 2822 959 2909 χαῖρέ
978 2850 1049 2909 μοι,
1073 2827 1168 2903 πόλις

385 2933 499 3011 ξεστόν
522 2955 557 2998 τε
580 2926 747 3016 πύργωμ’·
771 2936 805 2997 εί
823 2951 860 2998 σε
883 2934 928 3017 μη
952 2933 1088 2998 διώλεσε

385 3041 521 3117 Παλλάς
546 3041 629 3118 Διὸς
651 3050 743 3123 παῖς,
766 3034 845 3123 ἦσθ’
869 3038 911 3104 διν
934 3039 970 3105 έν
994 3041 1137 3126 βάθροις
1160 3043 1215 3106 ἔτι.

756 3235 892 3286 ΑΘΗΝΑ.

386 3337 488 3416 ἔξεστι
512 3336 571 3400 τὸν
595 3332 683 3418 γένει
707 3330 768 3418 μὲν
792 3335 948 3418 άγχιστον
971 3336 1095 3421 πατρὸς

387 3441 491 3528 μέγαν
513 3466 547 3508 τε
572 3437 703 3525 δαίμον’
727 3441 762 3507 ἐν
785 3447 880 3519 θεοῖς
901 3465 936 3507 τε
950 3446 1070 3539 ,τίμιον

386 3552 536 3616 λύσασαν
559 3553 686 3635 ἔχθραν
709 3551 769 3635 την
791 3550 897 3633 πάρος
919 3550 1174 3636 προσεννε’πειν;
1370 3572 1405 3619 εο

343 3733 447 3781 23-27
468 3730 532 3796 post
551 3732 585 3779 44
607 3724 728 3779 collocat
746 3724 778 3780 G.
793 3725 919 3796 Wagner
991 3732 1024 3780 23
1043 3731 1116 3791 θεᾶς
1137 3727 1160 3782 0
1231 3735 1266 3783 24
1286 3728 1359 3799 ἤρας
1375 3727 1402 3783 τ’

256 3809 322 3864 ΒΝ
337 3811 341 3874 Ι
357 3806 470 3873 ἀθήνας
487 3804 512 3860 τ’
535 3807 606 3871 ΒΝ,
625 3806 739 3876 άθηνᾶς
755 3802 790 3859 θ’
813 3807 836 3861 0
912 3813 946 3860 26
965 3807 1038 3875 κακή
1056 3807 1163 3862 factum
1181 3824 1216 3862 ex
1234 3808 1328 3876 κακήν
1349 3811 1373 3864 C

256 3895 289 3942 27
310 3886 401 3959 θέλει]
421 3890 497 3955 φιλεῖ
513 3887 620 3955 Burges
697 3892 730 3940 29
750 3888 816 3962 βοᾷ]
835 3886 898 3940 fort.
917 3886 981 3957 ἠχεῖ
1052 3893 1086 3941 30
1102 3885 1208 3959 Ἀρκάς]
1222 3885 1318 3958 Ἀργος
1336 3889 1405 3943 Her-

254 3968 367 4022 werden
432 3973 464 4020 31
485 3965 515 4021 δὲ
535 3967 563 4020 Ρ
618 3973 651 4019 32
671 3965 757 4021 schol.
772 3966 909 4036 γράφεται
927 3967 1081 4036 παρθένων
1136 3975 1169 4022 33
1187 3977 1250 4030 ταῖς
1267 3986 1405 4039 ευμοιεοι.

255 4048 340 4111 οῖςθ
419 4054 453 4101 34
473 4045 500 4100 δ’
522 4064 575 4102 om.
600 4047 628 4100 P
706 4053 791 4115 37εο.
812 4046 898 4118 ἑκάβη
922 4046 1288 4120 κειμένη..δαιιρνγέονοα
1308 4051 1336 4104 Ρ

256 4134 289 4182 38
309 4125 387 4180 delet
409 4125 491 4180 Prinz
582 4132 616 4180 39
635 4124 758 4197 άχιλείον
781 4128 858 4195 ΒΝ,
881 4127 1005 4199 άχιλλίου
1028 4131 1097 4184 mut.
1116 4128 1147 4182 in
1164 4127 1306 4200 ἀγιλλείον
1326 4132 1355 4184 Ρ

256 4214 291 4262 40
308 4207 403 4274 λάθρα
427 4223 490 4260 eum
513 4227 555 4277 γρ.
580 4207 690 4275 οἰκτρά,
718 4205 800 4262 δκαλ
819 4207 935 4278 άμεινον
953 4211 995 4277 Β,
1024 4209 1118 4277 λάθρα
1136 4210 1170 4264 Ν
1173 4253 1180 4274 ,
1208 4209 1307 4278 οἰκτρά
1327 4212 1403 4281 ΟΡλ

255 4292 359 4358 τλῆμον
378 4288 414 4350 ὡς
432 4288 460 4341 Ρ
545 4293 578 4340 41
599 4285 635 4355 ἣν
653 4286 684 4342 δέ
702 4286 844 4357 πάροιθεν
862 4291 890 4344 Ρ
967 4296 1002 4344 43
1020 4308 1050 4344 τε
1069 4307 1122 4344 om.
1142 4291 1176 4345 N
1251 4296 1287 4344 46
1306 4292 1406 4356 ξυστὸν

258 4371 281 4423 0
304 4372 308 4438 Ι
333 4368 462 4423 διώλεσεν
480 4369 508 4422 Ρ
585 4373 618 4422 47
638 4367 741 4432 πολλὰς
760 4370 788 4423 Ρ
865 4374 900 4422 48
918 4369 967 4424 τόν
991 4367 1022 4424 έν
1041 4370 1108 4424 ΒΝ
1133 4371 1138 4439 Ι
1167 4367 1285 4441 ἄγχιστα
1304 4372 1339 4427 Ν

256 4456 291 4506 49
311 4448 388 4504 delet
404 4449 437 4504 A.
454 4448 582 4504 Schmidt
1384 4482 1387 4489 ·
