3052 4934
733 310 937 362 ΕΥΡΙΠΙΔΟΥ

397 470 538 554 τέθνηκε
561 468 683 536 κούδὲν
708 466 778 536 οἶδε
802 481 869 536 τῶν
892 471 993 554 αὐτῇς
1016 483 1134 537 κακῶν.

396 578 460 661 ἐγὼ
484 575 521 643 δέ
544 577 726 656 τοξεύσασα
749 587 806 662 τῇς
829 578 980 657 εὐδοξίας

397 690 542 770 λαχοῦσα
565 689 721 752 πλεῖστον
744 695 803 770 τῇς
825 686 925 770 τύχης
947 685 1146 771 ἡμάρτανον,

397 790 417 856 ἃ
439 794 503 878 γὰρ
526 791 659 875 γυναιξὶ
682 787 831 879 σώφρον’
854 789 927 857 ἔσθ’
952 791 1136 878 ηὑρημένα,

395 894 486 965 ταῦτ’
509 899 714 984 ἐξεμόχθουν
729 898 887 981 Ἕκτορος
909 902 991 965 κατὰ
1014 898 1138 984 στέγας.

396 1019 528 1091 πρῶτον
552 1005 628 1090 μέν,
652 1009 736 1072 ἔνθα
759 1006 822 1072 κᾶν
845 1017 952 1093 προσῇ
976 1006 1039 1072 κᾶν
1062 1009 1106 1093 μὴ
1129 1016 1237 1093 προσῇ

396 1117 500 1196 ψόγος
523 1113 692 1197 γυναιξίν,
715 1114 795 1179 αὐτὸ
819 1114 910 1179 τοῦτ’
932 1114 1102 1200 ἐφέλκεται

396 1233 503 1298 κακῶς
526 1221 675 1303 ἀκούειν,
699 1222 769 1305 ἥτις
792 1221 855 1287 οὐκ
879 1223 979 1287 ἔνδον
1002 1221 1106 1307 μένει,

397 1331 518 1395 τούτου
541 1339 681 1413 παρεῖσα
704 1331 816 1394 πόθον
839 1331 979 1414 ἔμιμνον
1003 1329 1039 1395 ἐν
1064 1330 1178 1414 δόμοις

397 1439 461 1501 ἔσω
485 1460 518 1502 τε
542 1437 729 1522 μελάθρων,
743 1438 854 1520 κομψὰ
877 1441 1026 1519 θηλειῶν
1049 1439 1110 1521 ἔπη

397 1545 458 1610 οὐκ
481 1542 710 1629 είσεφριέμην,
734 1545 792 1609 τὸν
817 1541 853 1609 δὲ
876 1553 961 1609 νοῦν
984 1546 1188 1610 διδάσκαλον

398 1658 536 1718 οἴκοθεν
560 1654 682 1737 ἔχουσα
705 1653 850 1736 χρηστὸν
873 1650 1034 1735 ἐξήρκουν
1058 1652 1140 1735 ἐμοί.

397 1762 548 1843 γλώσσης
569 1784 604 1825 τε
629 1761 726 1844 σιγὴν
750 1760 838 1842 ὄμμα
861 1756 897 1822 θ’
918 1761 1046 1844 ἥσυχον
1067 1763 1162 1825 πόσει

396 1879 566 1952 παρεῖχον·
591 1865 654 1953 ῇδη
680 1861 710 1930 δ’
732 1861 793 1951 ἁμέ
817 1876 902 1951 χρῇν
924 1877 1022 1932 νικᾶν
1045 1869 1159 1948 πόσιν,

397 1980 496 2062 κείνῳ
518 1998 553 2038 τε
576 1976 674 2056 νίκην
698 1968 746 2038 ὧν
769 1972 869 2059 ἐχρῆν
892 1972 1053 2058 παριέναι.

397 2081 452 2147 καὶ
475 2083 581 2146 τῶνδε
604 2081 736 2165 κληδὼν
760 2080 794 2156 ἐς
817 2078 992 2164 στράτευμ’
1015 2075 1179 2166 Ἀχαιικὸν

398 2186 534 2255 ἐλθοῦσ’
557 2187 726 2254 ἀπώλεσέν
750 2182 801 2272 μ’·
825 2187 894 2253 ἐπεὶ
918 2191 981 2275 γὰρ
1005 2187 1151 2274 ῇρέθην,

391 2295 564 2382 Ἀχιλλέως
588 2321 627 2381 με
650 2306 727 2372 παῖς
750 2295 920 2380 ἐβουλήθη
944 2299 1058 2379 λαβεῖν

397 2405 561 2489 δάμαρτα·
585 2405 756 2468 δουλεύσω
781 2401 812 2467 δ’
835 2402 871 2468 ἐν
895 2404 1071 2468 αὐθεντῶν
1094 2405 1218 2488 δόμοις.

396 2514 448 2577 κεί
469 2509 530 2597 μέν
552 2505 723 2593 παρώσασ’
742 2508 900 2590 Ἕκτορος
923 2513 1025 2595 φίλον
1048 2512 1132 2596 κόρα

396 2621 478 2705 πρὸς
503 2620 561 2684 τὸν
584 2622 733 2705 παρόντα
755 2620 855 2683 πόσιν
879 2618 1054 2697 ἀναπτύξω
1078 2617 1200 2702 φρένα,
1318 2705 1320 2710 Ι

397 2729 479 2810 κακῇ
504 2735 675 2810 φανοῦμαι
698 2734 744 2814 τῷ
766 2729 922 2791 θανόντι·
946 2727 1043 2792 τόνδε
1067 2724 1097 2790 δ’
1120 2721 1164 2791 αὐ

364 2892 368 2900 .
396 2829 552 2916 στυγοῦσ’
576 2833 717 2917 ἐμαυτῆς
741 2832 915 2909 δεσπόταις
938 2835 1126 2917 μισήσομαι.

396 2943 503 3006 καίτοι
527 2938 683 3023 λέγουσιν
706 2941 751 3016 ὡς
774 2934 821 3024 μί’
843 2939 992 3025 εὐφρόνη
1016 2946 1100 3027 χαλᾷ

395 3048 432 3112 τὸ
456 3042 616 3132 δυσμενές
637 3047 795 3130 γυναικὸς
819 3048 866 3123 είς
888 3045 1010 3130 ἀνδρὸς
1033 3045 1137 3132 λέχος·

396 3152 554 3220 ἀπε’πτυσ’
577 3153 694 3237 αὐτην,
719 3153 789 3236 ἥτις
812 3155 919 3240 ἄνδρα
942 3156 1001 3220 τὸν
1026 3155 1130 3240 πόρος

399 3273 543 3328 καινοῖσι
566 3261 715 3341 λέκτροις
738 3258 942 3343 ύποβαλυῦσ’
964 3262 1067 3327 ἄλλον
1091 3267 1189 3343 φιλεῖ.

397 3367 468 3435 ἀλλ’
492 3366 571 3435 οὐδὲ
594 3375 703 3446 πῶλος
726 3369 796 3452 ἥτις
820 3367 862 3432 δν
886 3369 1022 3453 διαζυγῇ

396 3487 453 3560 τῇς
477 3480 736 3563 συντραφείσης,
760 3475 884 3562 ῥᾳδίως
907 3473 993 3541 ἕλκει
1018 3480 1126 3559 ζυγόν.

396 3588 502 3650 καίτοι
525 3585 562 3649 τὸ
585 3585 752 3670 θηριῶδες
775 3584 954 3666 ἄφθογγόν
975 3582 1003 3647 τ’
1026 3586 1090 3668 ἔφυ

353 3821 402 3868 646
422 3812 538 3884 τέθνηκ’
566 3813 649 3869 οὐδὲν
678 3815 711 3880 0,
739 3813 857 3868 κέκευθε
885 3812 986 3868 κούδὲν
1014 3815 1043 3868 F.
1066 3813 1117 3869 Gn.
1140 3813 1281 3868 Schmidt
1360 3821 1409 3868 644

263 3897 402 3967 πλεῖστον]
422 3913 455 3950 ex
474 3894 558 3949 schol.
579 3894 631 3964 ἐγὼ
643 3940 648 3949 .
660 3939 665 3948 .
677 3893 748 3949 κατὰ
767 3896 798 3948 τὸ
817 3897 944 3948 πλεῖστον
962 3903 1011 3964 τῆς
1029 3895 1113 3964 τύχης
1132 3893 1258 3964 ἥμαρτον
1273 3896 1410 3965 Ηατλοιιχ,

262 3980 358 4031 πλεῖον
377 3976 441 4030 libri
506 3980 557 4028 646
576 3977 688 4044 γυναικὶ
708 3974 808 4029 Christ.
828 3977 886 4044 pat⁴
907 3981 958 4029 638
975 3978 979 4045 l
996 3974 1133 4045 εὑρημένα
1153 3974 1219 4028 libri
1289 3981 1409 4030 647-66

263 4057 339 4111 delet
358 4056 466 4110 Seidler
548 4061 598 4108 647
619 4054 704 4125 ἔνθα]
724 4052 775 4110 οὐν
794 4075 823 4124 γε
843 4055 942 4109 Christ.
962 4059 1019 4125 pal.
1040 4062 1090 4109 641
1173 4062 1224 4109 661
1246 4056 1311 4111 είσω
1330 4076 1359 4111 τε
1377 4059 1409 4122 Ρ,

263 4137 326 4191 elom
355 4139 377 4192 0
407 4141 411 4205 Ι
440 4139 562 4204 θηλειῶν
591 4132 618 4187 δ’
645 4134 745 4190 Christ.
774 4139 830 4205 pal.
861 4141 912 4188 646
1003 4142 1054 4188 662
1083 4133 1274 4208 είσεφριέμην]
1303 4137 1409 4201 Nauck,

263 4218 450 4285 εἰσεφρούμην
469 4215 534 4269 libri
599 4220 650 4267 666
669 4212 737 4286 ῇδη]
753 4216 855 4283 Ηοειύι,
874 4212 954 4289 ᾔδειν
972 4215 1039 4269 libri
1055 4217 1059 4286 Ι
1076 4215 1128 4284 ὐμε
1147 4224 1217 4285 χρῆν
1232 4219 1267 4283 Ρ,
1288 4216 1341 4285 ἅμε
1360 4216 1408 4287 χρὴ

262 4299 334 4363 ΒΝ,
353 4293 402 4364 ἅμ’
425 4295 508 4365 ἐχρῆν
529 4296 573 4364 Op
645 4302 695 4348 657
716 4296 835 4366 ὐχοιϊκὸν
854 4295 928 4363 libii,
948 4313 1017 4350 corr.
1036 4295 1142 4349 Aldina
1216 4301 1269 4349 668
1288 4294 1410 4351 όιπώλεσέ

263 4380 290 4430 Β
363 4382 414 4429 669
434 4374 549 4445 ἀχιλέως
574 4377 601 4428 Β
687 4381 739 4429 666
750 4394 790 4445 sq.
814 4380 880 4446 post
902 4382 954 4431 668
978 4376 1099 4431 collocat
1117 4375 1145 4430 C.
1162 4376 1273 4431 Busche
1360 4382 1410 4430 610

263 4457 334 4512 ἔλκει
355 4460 388 4522 Ρ,
408 4454 476 4520 ἔλξει
499 4459 522 4510 0
594 4461 643 4509 671
656 4476 695 4525 sq.
716 4457 829 4510 delendi
847 4457 976 4511 videnlur
