3008 4944
612 248 780 300 ΟΡΕΣΤΗΣ

259 404 285 472 ὦ
308 409 432 489 πατρὸς
454 407 572 492 ὅμαιμε
595 414 681 490 θεῖε,
704 417 765 473 τοῦ
788 410 869 473 κατὰ
891 410 1017 493 χθονὸς

256 517 424 591 θανόντος
448 515 606 580 ἱκετεύειν
629 516 720 580 δόκει
742 515 938 598 ποτωμένην

258 623 369 705 ψυχην
393 617 476 705 ὑπὲρ
500 631 578 704 σοῦ,
602 619 658 686 καλ
681 621 790 706 λέγειν
814 622 882 705 ἁγὼ
906 621 990 706 λέγω

256 725 350 794 ταῦτ’
372 731 405 805 ές
427 752 462 793 τε
487 729 616 812 δάκρυα
639 727 694 794 καὶ
717 734 817 812 γόους
839 726 894 793 καὶ
918 731 1101 814 συμφοράς.

257 842 372 920 είρηκα
394 834 565 921 κάπῄτηκα
588 837 649 919 την
673 838 855 921 σωτηρίαν,

259 950 377 1025 θηρῶν
401 942 419 1007 ὃ
442 943 563 1019 πάντες
585 942 668 1007 κούκ
690 941 755 1026 ἐγὼ
780 947 863 1027 ζητῶ
886 946 999 1027 μόνος.

144 1055 211 1115 XO.
261 1049 350 1132 κάγώ
375 1046 404 1114 σ’
430 1049 584 1134 ἱκνοῦμαι
607 1046 662 1113 καὶ
684 1053 770 1133 γυνη
793 1072 854 1134 περ
878 1045 951 1115 οὖσ’
975 1051 1063 1135 ὅμως

257 1168 327 1234 τοῖς
350 1155 560 1241 δεομένοισιν
584 1155 741 1240 ὠφελεῖν·
766 1148 837 1233 οἷός
859 1181 894 1222 τε
918 1154 948 1222 δ’
971 1152 1009 1222 ελ.

144 1267 219 1327 ΜΕ.
255 1257 392 1347 Ὀρέστ’,
415 1264 479 1346 ἐγώ
502 1286 555 1327 τοι
578 1263 639 1327 σὸν
661 1263 881 1347 καταιδοῦμαι
904 1265 988 1348 κόρα

258 1368 313 1435 καὶ
336 1371 544 1454 ξυμπονῆσαι
566 1382 638 1447 σοῖς
660 1381 791 1435 κακοῖσι
814 1372 994 1454 βούλομαι·

257 1474 312 1542 καὶ
335 1479 398 1563 χρὴ
421 1480 485 1561 γὰρ
508 1476 595 1542 οὕτω
619 1488 686 1541 τῶν
709 1477 902 1562 ὁμαιμόνων
925 1480 1008 1543 κακδι

257 1587 516 1668 ξυνεκκομίζειν,
541 1584 687 1667 δύναμιν
709 1583 752 1667 ἣν
776 1585 859 1673 διδῷ
882 1588 978 1668 θεός,
1060 1632 1062 1634 ψ

260 1694 466 1774 [θνήσκοντα
489 1689 544 1755 καλ
568 1695 738 1755 κτείνοντα
762 1695 841 1768 τοὺς
863 1692 1064 1775 έναντίονς]·

257 1800 295 1863 τὸ
319 1794 349 1862 δ’
373 1792 416 1861 αὖ
440 1798 609 1862 δύνασθαι
632 1800 715 1881 πρὸς
736 1805 830 1862 θεῶν
852 1797 959 1885 χρῄζω
982 1811 1104 1884 τυχεῖν.

258 1906 326 1988 ἥκω
350 1906 414 1987 γὰρ
437 1904 573 1985 ἀνδρῶν
596 1906 778 1989 συμμάχων
800 1908 899 1971 κενὸν
924 1909 1008 1990 δόρυ

258 2016 357 2096 ἔχων,
380 2014 514 2077 πόνοισι
537 2014 669 2094 μυρίοις
692 2012 877 2095 ἀλώμενος,

258 2127 379 2206 σμικρᾷ
403 2121 467 2183 σὺν
490 2118 573 2203 ἀλκῇ
596 2129 663 2182 τῶν
687 2118 909 2203 λελειμμένων
932 2125 1050 2204 φίλων.

257 2228 343 2312 μάχη
367 2223 429 2311 μέν
452 2221 515 2291 οὖν
538 2225 580 2290 διν
603 2226 665 2310 οὐχ
688 2225 958 2310 ὑπερβαλοίμεθα

258 2336 435 2416 Πελασγὸν
450 2332 585 2416 Ἄργος·
609 2335 641 2398 εί
663 2329 699 2397 δὲ
723 2338 909 2418 μαλθακοῖς
931 2337 1044 2417 λόγοις

258 2435 449 2524 δυναίμεθ’,
474 2433 611 2506 ἐνταῦθ’
633 2440 767 2517 ἐλπίδος
790 2444 1007 2524 προσήκομεν.

258 2556 425 2631 σμικροῖσι
448 2548 511 2629 γὰρ
534 2547 574 2610 τὰ
598 2546 722 2629 μεγάλα
746 2558 814 2623 πῶς
837 2546 908 2613 ἕλοι
929 2572 979 2624 τις
1002 2547 1044 2613 ἂν

259 2656 441 2735 [πόνοισινς
465 2650 593 2736 ἀμαθὲς
616 2652 730 2720 καὶτὸ
754 2656 937 2738 βούλεσθαι
961 2656 1059 2737 τόδε]

257 2762 337 2826 ὃταν
361 2763 424 2844 γὰρ
447 2760 513 2848 ἡβᾷ
537 2761 642 2845 δῆμος
664 2764 711 2839 είς
733 2762 838 2846 ὀργὴν
862 2764 990 2846 πεσών,

259 2868 376 2952 ὅμοιον
399 2870 482 2934 ὥστε
505 2876 572 2951 πῦρ
595 2868 794 2953 κατασβέσαι
818 2870 954 2953 λάβρος·

257 2978 288 3040 ελ
310 2973 340 3039 δ’
362 2976 493 3059 ἡσύχως
515 2976 605 3063 αὐτῷ
628 2999 678 3052 τις
700 2974 880 3042 ἐκτείνοντι
903 2973 964 3061 μὲν

214 3263 265 3310 674
276 3276 316 3326 sq.
344 3266 394 3312 τοῦ
416 3301 422 3312 .
444 3302 449 3311 .
472 3257 614 3321 θανόντος
642 3256 786 3330 ἱκετεύειν]
814 3258 991 3325 Heimsoeih,
1021 3259 1071 3314 τὸν
1094 3303 1099 3315 .
1121 3304 1126 3314 .
1148 3257 1269 3314 θανόντ’

122 3337 239 3392 ἀκούειν
267 3337 334 3391 τάδε
357 3337 424 3391 libri
515 3344 566 3392 676
586 3337 604 3391 ἃ
629 3338 681 3408 ἐγὼ
701 3341 728 3394 A
819 3345 869 3392 677
889 3337 982 3410 ταῦτ’]
1007 3339 1165 3407 Kirchh0ff‚
1190 3338 1267 3394 ταῦτ’

122 3419 191 3472 libri
276 3425 328 3473 678
348 3415 437 3487 εἴρηκ’
458 3418 589 3490 ἀπῄτηιια
608 3420 635 3473 A
721 3424 773 3472 679
792 3421 861 3488 ζητῶ
881 3436 934 3473 om.
956 3422 982 3475 A
1001 3419 1141 3489 supplevit
1159 3419 1201 3474 A¹

122 3505 176 3553 686
196 3501 267 3572 XO]
287 3500 398 3565 Canter,
418 3503 477 3553 HA.
498 3499 564 3552 libri
646 3503 696 3553 681
717 3519 746 3554 τε
765 3502 809 3553 δεῖ
827 3501 862 3566 Β,
881 3499 913 3554 τέ
930 3497 958 3553 δ’
981 3495 1008 3553 εί
1024 3504 1054 3554 st
1071 3500 1102 3552 in
1120 3516 1209 3569 marg.
1228 3521 1270 3570 χρ.
1367 3558 1373 3576 ⁶

122 3581 172 3635 καὶ
192 3578 255 3643 ὅσος
272 3578 303 3634 τέ
321 3578 348 3634 δ’
366 3576 426 3633 Ab
490 3586 542 3634 682
562 3579 615 3650 έχὼ
633 3580 664 3635 τὸ
684 3580 734 3634 σὸν
752 3581 780 3633 Β
834 3585 886 3633 683
905 3587 1033 3633 κακοῖσιν
1052 3579 1078 3632 L
1135 3585 1188 3634 684
1206 3580 1270 3636 fori.

122 3661 171 3715 καλ
190 3662 237 3714 δεῖ
325 3666 376 3714 686
396 3658 601 3728 ξυνεκκομίζειν
620 3662 659 3728 L,
688 3657 893 3729 συνεκκομίζειν
919 3657 1005 3713 ceteri
1096 3665 1147 3714 686
1167 3660 1272 3715 delevit

122 3740 266 3794 Hermann
339 3746 390 3793 687
410 3749 459 3794 τοῦ
478 3738 550 3795 ‹i'S
620 3747 672 3795 690
692 3739 792 3809 σμικρὰ
812 3744 838 3795 A
911 3745 963 3793 692
974 3757 1014 3807 sq.
1033 3739 1096 3795 fori.
1117 3744 1271 3809 μαλθακῶν

122 3818 213 3890 λόγων
236 3818 367 3890 όναίμεθ’
456 3827 508 3874 693
528 3819 698 3890 δυναίμεσθ’
720 3818 830 3875 swas?
849 3864 854 3874 .
871 3865 876 3875 .
896 3818 1056 3888 προήκομεν
1075 3821 1103 3874 Β
1124 3821 1271 3890 (προσήκο-

123 3920 175 3969 μεν
193 3902 219 3968 6)
309 3907 360 3954 694
380 3901 446 3973 γὰρ]
465 3901 584 3969 Bai-nes,
610 3899 661 3971 μὲν
685 3901 738 3972 χδιρ
758 3902 879 3969 Auris,
902 3901 953 3969 μὲν
971 3901 1002 3953 Ε
1091 3908 1142 3955 696
1161 3919 1215 3956 οω.
1234 3904 1271 3970 Ε,

123 3981 230 4035 delevit
247 3982 359 4035 Brunck
378 3985 441 4050 (694
451 3999 490 4049 sq.
512 3981 588 4036 delet
606 3982 691 4052 Weil)
708 3987 711 4051 Ι
728 3981 839 4050 ἀμαθὲς
857 3981 910 4052 ηδιρ
929 3983 977 4035 καλ
997 3982 1055 4035 AL
1072 3983 1076 4051 Ι
1092 3979 1168 4053 τόδε]
1187 3981 1271 4052 King,

123 4061 191 4116 τάδε
213 4063 262 4118 OS
342 4068 393 4116 696
414 4060 483 4117 ὅταν
507 4062 559 4133 γὰρ
584 4062 653 4135 όρχῇ
677 4066 764 4132 δῆμος
783 4063 823 4125 εἰς
840 4062 936 4131 θυμὸν
955 4059 1023 4135 πόση
1044 4061 1121 4115 Stob.
1141 4062 1168 4116 fl.
1183 4068 1230 4131 46,
1245 4069 1271 4130 6,

124 4140 193 4196 ὅταν
212 4142 264 4211 γὰρ
284 4142 353 4216 δρχᾷ
373 4144 461 4211 δῆμος
480 4142 508 4205 ές
525 4143 620 4212 θυμὸν
638 4144 730 4197 πεσών
748 4142 845 4197 Nabsr
928 4149 977 4197 697
999 4140 1127 4212 δμοιοςο
1151 4144 1155 4212 Ι
1181 4141 1271 4209 ὥσπερ

124 4222 262 4275 Stobaeus
278 4224 282 4292 λ
299 4222 412 4294 λάβρος]
427 4221 534 4292 scripsi,
549 4222 653 4296 λάβρον
666 4223 733 4277 libri
774 4229 825 4277 698
840 4225 916 4296 αὐτῷ
930 4225 983 4294 τις]
994 4222 1114 4291 Βτυτιολτ,
1128 4242 1171 4284 τις
1185 4222 1271 4276 αὐτὸν

124 4303 230 4369 ΑΒΕ,
254 4323 296 4366 τις
319 4304 405 4358 αὑτὸν
425 4304 465 4369 Β,
489 4323 531 4365 τις
554 4305 640 4359 αύτδν
658 4307 726 4358 mut.
746 4303 775 4356 in
795 4325 836 4367 τις
854 4305 941 4359 αὑτὸν
960 4322 990 4370 ιι,
1014 4323 1055 4365 τις
1074 4303 1149 4374 αὐτῷ
1168 4303 1210 4369 Ε,
1231 4323 1272 4362 τις

52 4408 54 4411 ·
123 4382 199 4436 αύτῶ
214 4380 242 4452 χ’
257 4383 291 4450 G,
305 4403 347 4445 τις
360 4383 473 4445 αότὸςο
527 4390 579 4437 698
589 4402 630 4451 sq.
645 4382 796 4439 ἐκτείνοντι
809 4383 860 4454 μὲν
875 4384 979 4455 κόλων]
994 4382 1101 4452 scripsi,
1120 4380 1270 4436 ἐντείνοντι

177 4482 349 4535 Euripides,
363 4484 460 4523 Orestes.
1042 4480 1057 4525 3
