3014 4942
723 259 929 311 ΕΥΡΙΠΙΔΟΥ

384 421 445 485 τὸν
465 416 721 503 Ἀγαμεμνόνιον
744 417 796 484 ἐπὶ
821 421 934 504 δόμον.

387 526 452 592 ὑπὸ
475 527 539 609 γὰρ
563 524 691 608 ἀλγέων
713 524 778 591 ὑπό
801 550 836 591 τε
860 535 1035 610 συμφορᾶς
1350 546 1398 594 180

388 630 589 717 διοιχόμεθ’,
612 634 783 716 οἰχόμεθα.
828 634 955 698 κτύπον
977 631 1127 718 ἠγάγετ’·
1150 633 1225 720 οόχὶ
1248 645 1326 719 σῖγα

387 750 464 824 σῖγα
487 738 725 824 φυλασσομένα

388 848 550 930 στόματος
572 844 779 911 άνακέλαδον
802 847 866 911 όπα
889 845 1001 932 λέχεος
1022 847 1059 931 ll·
1349 866 1399 914 185

387 973 492 1040 συχον
514 952 625 1018 ὕπνου
646 953 744 1038 χάριν
767 951 931 1036 παρέξεις,
955 959 1051 1040 φίλας

334 1165 342 1180 .
364 1195 366 1197 ¹
388 1116 487 1198 θρόει
508 1117 559 1193 τίς
581 1125 694 1180 κακῶν
716 1116 851 1181 τελευτά
872 1115 973 1200 μένει.
1230 1119 1357 1185 antistr.

339 1272 346 1287 .
385 1228 506 1287 θανεῖν
529 1222 708 1306 <θανεῖν>,
731 1225 766 1286 τί
786 1220 817 1286 δ’
838 1223 935 1301 ἄλλος

387 1326 467 1395 οὐδὲ
490 1330 555 1411 γάρ
577 1331 688 1394 πόθον
712 1331 778 1413 ἔχει
801 1333 912 1413 βορᾶς.

333 1488 341 1503 .
385 1436 554 1520 πρόδηλος
576 1430 628 1519 ἆρ’
651 1436 669 1501 ὁ
692 1439 824 1521 πότμος.

338 1592 347 1609 .
387 1540 518 1623 ἐξέθοσ’
541 1543 559 1608 ὁ
585 1547 710 1625 Φοῖβος
732 1543 818 1627 ἡμᾶς

388 1649 507 1735 μέλεον
530 1650 705 1734 ἀπόφονον
730 1642 809 1735 αἷμα
832 1653 913 1729 δοὺς

386 1760 603 1843 πατροφόνου
627 1759 757 1841 ματρός.

333 1916 340 1931 .
388 1867 463 1951 δίκᾳ
487 1863 557 1949 μέν.
602 1869 678 1930 ΗΛ.
701 1871 809 1943 καλῶς
831 1864 861 1932 δ’
886 1867 935 1935 οὔ.

387 1977 500 2050 ἔκανες
523 1976 656 2057 ἔθανες,
680 1967 706 2037 ὦ

385 2077 543 2164 τεκομένα
566 2103 606 2162 με
630 2088 748 2164 μᾶτερ,
771 2080 836 2145 ἀπὸ
859 2078 891 2146 δ’
913 2082 1038 2159 ὤλεσας

386 2185 509 2269 πατέρα
532 2184 631 2251 τέκνα
653 2209 688 2251 τε
711 2185 789 2251 τάδε
813 2185 914 2252 σέθεν
939 2185 996 2270 ἀφ’
1018 2189 1168 2272 αἳματος·

385 2292 522 2378 ὀλόμεθ’
546 2292 729 2374 ἰσονέκυες,
753 2294 909 2378 ὀλόμεθα.
1346 2313 1397 2361 100

386 2402 429 2467 σύ
451 2424 485 2466 τε
509 2402 572 2484 γὰρ
596 2400 633 2466 ἐν
655 2411 804 2484 νεκροῖς,
827 2405 865 2467 τό
888 2396 917 2466 τ’
938 2402 1018 2485 έμὸν
1043 2409 1166 2486 οίχεται

391 2512 468 2593 βίον
492 2509 530 2573 τὸ
553 2508 655 2575 πλέον
677 2505 776 2593 μέρος
800 2508 837 2575 ἐν
860 2515 1056 2594 στοναχαῖσί
1076 2533 1110 2574 τε
1132 2506 1188 2574 καὶ
1210 2511 1320 2594 γόοισι

386 2617 531 2700 δάκρυσί
550 2612 578 2680 τ’
601 2616 779 2698 ἐννυχίοις·
1347 2634 1397 2682 205

342 2799 393 2847 119
412 2789 647 2863 άγαμεμνόνειον,
673 2801 685 2845 ἰ’
707 2807 792 2861 supra
814 2808 839 2845 ει
862 2808 954 2860 eraso,
979 2793 1021 2861 E,
1045 2792 1269 2863 ὀιγαμεμνόνειον
1292 2793 1395 2864 ceteril

252 2874 298 2929 έπλ
317 2871 405 2943 δόμον
423 2894 465 2944 γρ.
484 2872 532 2926 καὶ
552 2871 692 2940 επιδόμων
712 2872 752 2939 Α,
776 2870 820 2926 tul
840 2869 928 2942 δόμον
948 2874 988 2940 Β,
1010 2894 1050 2943 γρ.
1072 2871 1156 2943 γόνον
1175 2890 1311 2944 superscr.
1332 2867 1347 2928 ὀ

253 2960 302 3010 181
323 2951 482 3024 διοιχόμεθ’
505 2952 642 3023 οἰχόμεθα
666 2952 705 3019 Ε,
728 2949 902 3022 διοιχόμεσθ’
925 2951 1080 3024 οἰχόμεσθα
1101 2954 1151 3009 OS
1174 2956 1178 3023 Ι
1204 2956 1270 3007 ante
1294 2954 1398 3008 κτόπον

250 3034 385 3090 lineolam
412 3033 499 3087 habet
521 3034 561 3100 L,
588 3032 717 3086 Electrae
744 3035 842 3086 notam
869 3032 1004 3087 exhibent
1027 3034 1091 3088 ΒΕ
1116 3036 1145 3088 et
1172 3051 1236 3087 cum
1260 3032 1347 3088 schol.
1370 3033 1397 3086 in

251 3132 338 3186 marg.
363 3116 411 3169 καλ
432 3122 514 3169 τοῦτο
532 3112 604 3167 κατὰ
623 3113 808 3182 ἀναφώνησιν
826 3110 898 3183 λέγει
916 3112 934 3182 ι]
953 3111 1070 3182 ἠλέκτρα
1088 3113 1127 3168 α’.
1165 3113 1243 3168 Idem
1262 3112 1398 3168 scholium

251 3196 338 3251 habet
353 3197 388 3262 A,
408 3194 438 3248 in
453 3210 508 3264 quc
524 3192 600 3248 chori
616 3195 714 3247 notam
729 3196 795 3247 ante
809 3190 882 3264 σόχλ,
901 3192 1029 3248 Electrae
1043 3197 1109 3248 ante
1124 3192 1187 3264 σίγα
1203 3192 1267 3265 σίγα
1281 3193 1399 3248 inseruit

251 3276 300 3331 A‘.
329 3276 403 3329 Ante
418 3271 480 3345 οὐχί
491 3273 568 3328 chori
578 3275 607 3326 et
616 3276 682 3326 ente
692 3270 756 3342 σίγα
766 3271 829 3343 σίγα
840 3277 914 3343 (σῖγα
929 3283 992 3345 σῖγα
1003 3275 1038 3343 S)
1048 3274 1176 3328 Electrae
1186 3278 1283 3329 notam
1293 3274 1399 3328 habent

251 3355 337 3410 etiam
351 3355 459 3421 ΑΕΘ,
479 3358 545 3409 ente
562 3356 627 3425 οόχί
642 3353 777 3408 lineolam
791 3352 906 3407 exhibet
918 3356 945 3409 L
1001 3359 1051 3408 185
1067 3353 1115 3409 διὰ
1131 3352 1266 3423 πόματος
1279 3355 1306 3408 L
1324 3357 1327 3425 Ι
1344 3353 1398 3409 ἀνὰ

251 3433 370 3490 κέλαδον
385 3435 463 3491 Ans
478 3437 482 3503 Ι
499 3434 568 3507 όπα]
587 3434 698 3504 scripsi,
718 3433 776 3489 ἄπο
794 3432 850 3502 (vel
868 3434 936 3502 άκό)
956 3433 1021 3488 libri
1038 3437 1042 3504 Ι
1059 3433 1162 3506 λέχεος]
1180 3432 1245 3488 fort.
1264 3437 1377 3504 λεχαῖον
1392 3434 1396 3502 Ι

251 3514 357 3587 άσαχον
375 3515 499 3570 Dindorl
574 3521 624 3569 186
644 3514 738 3586 χάριν]
762 3514 813 3583 τὴν
836 3514 893 3568 όιπό
912 3521 961 3583 τῆς
979 3511 1073 3583 κοίτης
1091 3512 1182 3568 ὕπνου
1201 3513 1285 3583 χάριν
1305 3513 1398 3580 schol,

251 3596 342 3666 χαρὰν
366 3595 431 3650 libri
457 3598 461 3664 Ι
487 3589 508 3649 ὧ
530 3593 598 3665 φίλα
617 3594 684 3648 libri
703 3594 800 3663 (etiam
819 3595 871 3663 B),
892 3591 985 3662 φίλοις
1003 3594 1134 3664 Hartung
1226 3600 1276 3647 188
1296 3598 1398 3650 θανεῖν

252 3674 393 3745 supplevit
415 3676 576 3730 Lachmann
603 3680 606 3745 Ι
632 3674 698 3729 ἄλλο
717 3673 744 3745 γ’
765 3676 792 3729 L
811 3677 840 3729 et
858 3674 888 3728 in
906 3692 994 3745 marg.
1014 3694 1044 3743 α,
1068 3674 1134 3729 άλλο
1159 3672 1185 3744 γ’
1208 3673 1299 3738 εἴποις
1319 3675 1349 3729 F

253 3762 303 3810 189
318 3755 382 3811 οότε
391 3759 419 3812 Α
461 3762 512 3810 190
527 3751 573 3823 ἆρ’
584 3757 619 3822 L,
634 3753 669 3822 ἂρ
684 3755 727 3810 vel
742 3752 789 3823 ἄρ’
800 3754 887 3808 ceteri
925 3760 974 3809 191
986 3752 1096 3820 ἐξέθασ’
1109 3754 1137 3826 ό]
1148 3752 1280 3819 έξέθοσεν
1290 3755 1366 3825 King

253 3842 304 3890 193
319 3834 421 3905 ματρός
435 3835 603 3891 recentiores
617 3835 754 3903 nonnulli,
769 3833 886 3904 ματέρος
898 3836 947 3890 OS
989 3841 1039 3889 194
1054 3832 1132 3909 δίκᾳ]
1148 3834 1234 3889 schol.
1250 3839 1329 3889 metr.
1345 3834 1363 3889 i.
1373 3852 1395 3889 e.

251 3915 402 3970 Triclinius
421 3913 498 3986 (δίκα
517 3916 644 3971 ἐνταῦθα
662 3914 763 3987 γράφε,
782 3915 819 3985 μὴ
838 3913 955 3985 δίκαια),
974 3913 1071 3970 δίκαια
1090 3913 1157 3968 libri
1173 3917 1177 3984 Ι
1194 3917 1255 3969 ΗΛ.
1271 3932 1328 3969 non
1344 3915 1396 3980 hic,

252 3995 300 4050 sed
316 3998 381 4051 ante
394 3996 553 4066 proximum
566 4015 590 4051 v.
605 3996 712 4051 habent
725 3995 800 4063 libri,
820 3995 940 4050 correxit
953 3995 1071 4063 Seidler,
1090 3994 1137 4050 cfr.
1158 3993 1245 4048 schol.
1265 3994 1297 4050 ἐν
1315 3993 1346 4050 δὲ
1360 3999 1395 4066 τῷ

251 4074 428 4145 ὑπομνήματι
447 4076 496 4130 καὶ
513 4084 602 4129 ταῦτα
619 4084 668 4145 τῆς
683 4074 832 4144 Ἠλέκτρας
901 4081 950 4129 195
970 4069 1109 4137 ὦ”θανες
1129 4075 1154 4129 θ
1226 4081 1277 4129 199
1297 4094 1325 4129 τε
1344 4091 1393 4129 om.

251 4156 312 4211 EL
348 4162 400 4210 200
419 4153 552 4225 ὀλόμεσθ’
562 4156 593 4210 Ε
606 4157 611 4228 Ι
628 4154 742 4225 ὀλόμεθ’
753 4154 868 4226 ὀλόμεθ’
880 4152 940 4211 ἶσον
955 4153 1087 4218 νέκαεςΒ
1104 4160 1107 4225 Ι
1124 4153 1245 4211 λσονέκν’
1257 4156 1361 4210 Porsen

251 4241 301 4289 201
317 4237 349 4291 τό
364 4234 393 4290 δ’
403 4237 433 4291 Ε
474 4241 526 4290 204
541 4246 703 4306 στοναχαῖσι
716 4236 745 4291 τὲ
759 4239 808 4291 καὶ
822 4236 898 4308 γόοις
912 4254 965 4291 om.
976 4236 1006 4289 in
1019 4239 1108 4304 textu,
1123 4235 1187 4291 add.
1202 4236 1233 4289 in
1246 4253 1335 4306 marg.
1347 4236 1375 4289 Ε
1389 4238 1391 4304 Ι

251 4325 399 4387 στοναχαῖς
413 4317 447 4386 L,
462 4315 607 4388 στονάχεσι
621 4319 657 4386 Δ,
671 4315 815 4388 στοναχέσι
829 4319 871 4374 A‘
887 4320 890 4385 Ι
907 4315 1008 4389 γόοισι]
1023 4317 1125 4384 Heath,
1140 4314 1218 4386 γόοις
1230 4315 1297 4371 libri
1314 4320 1317 4385 Ι
1334 4316 1392 4369 fort.

252 4407 400 4469 στοναχαῖς
418 4416 447 4452 τε
465 4395 649 4466 παναμέροισι
715 4404 766 4451 205
785 4414 838 4454 om.
859 4399 894 4467 G,
913 4414 998 4468 supra
1016 4417 1039 4452 v.
1060 4397 1124 4452 add.
1143 4415 1161 4467 γ
1177 4400 1181 4466 Ι
1197 4396 1361 4467 δάκροισιμ
