<?xml version="1.0" encoding="UTF-8"?>
<!DOCTYPE html PUBLIC "-//W3C//DTD XHTML 1.0 Transitional//EN"
    "http://www.w3.org/TR/xhtml1/DTD/xhtml1-transitional.dtd">
<html xmlns="http://www.w3.org/1999/xhtml" xml:lang="en" lang="en">
 <head>
  <title>
</title>
<meta http-equiv="Content-Type" content="text/html;charset=utf-8" />
  <meta name='ocr-system' content='tesseract 3.04.00' />
  <meta name='ocr-capabilities' content='ocr_page ocr_carea ocr_par ocr_line ocrx_word'/>
</head>
<body>
  <div class='ocr_page' id='page_1' title='image "./euripidisfabula01eurigoog_0182.png"; bbox 0 0 3014 4942; ppageno 0'>
   <div class='ocr_carea' id='block_1_1' title="bbox 451 1077 856 1183">
    <p class='ocr_par' dir='ltr' id='par_1_1' title="bbox 451 1077 856 1183">
     <span class='ocr_line' id='line_1_1' title="bbox 451 1077 856 1183; baseline 0.002 -26"><span class='ocrx_word' id='word_1_1' title='bbox 451 1077 650 1167; x_wconf 77' lang='grc' dir='ltr'><strong><em>Ὑπόθεσις</em></strong></span> <span class='ocrx_word' id='word_1_2' title='bbox 680 1084 856 1183; x_wconf 78' lang='grc' dir='ltr'><strong><em>Ορέστου.</em></strong></span> 
     </span>
    </p>
   </div>
   <div class='ocr_carea' id='block_1_2' title="bbox 81 1255 1325 3378">
    <p class='ocr_par' dir='ltr' id='par_1_2' title="bbox 81 1255 1325 3378">
     <span class='ocr_line' id='line_1_2' title="bbox 170 1255 1230 1347; baseline 0.001 -21"><span class='ocrx_word' id='word_1_3' title='bbox 170 1255 323 1343; x_wconf 80' lang='grc' dir='ltr'><strong><em>Ὀρέστης</em></strong></span> <span class='ocrx_word' id='word_1_4' title='bbox 344 1261 404 1325; x_wconf 87' lang='grc' dir='ltr'><strong><em>τὸν</em></strong></span> <span class='ocrx_word' id='word_1_5' title='bbox 427 1263 536 1342; x_wconf 90' lang='grc' dir='ltr'><strong><em>φόνον</em></strong></span> <span class='ocrx_word' id='word_1_6' title='bbox 556 1270 617 1326; x_wconf 89' lang='grc' dir='ltr'><strong><em>τοῦ</em></strong></span> <span class='ocrx_word' id='word_1_7' title='bbox 635 1263 759 1342; x_wconf 88' lang='grc' dir='ltr'><strong><em>πατρὸς</em></strong></span> <span class='ocrx_word' id='word_1_8' title='bbox 777 1265 1081 1347; x_wconf 73' lang='grc' dir='ltr'><strong><em>μεταπορευόμενος</em></strong></span> <span class='ocrx_word' id='word_1_9' title='bbox 1099 1263 1230 1329; x_wconf 78' lang='grc' dir='ltr'><strong><em>ἀνεῖλεν</em></strong></span> 
     </span>
     <span class='ocr_line' id='line_1_3' title="bbox 84 1364 1231 1454; baseline 0 -21"><span class='ocrx_word' id='word_1_10' title='bbox 84 1374 253 1451; x_wconf 83' lang='grc' dir='ltr'><strong><em>Αίγισθσν</em></strong></span> <span class='ocrx_word' id='word_1_11' title='bbox 284 1364 341 1431; x_wconf 83' lang='grc' dir='ltr'><strong><em>καὶ</em></strong></span> <span class='ocrx_word' id='word_1_12' title='bbox 369 1370 660 1451; x_wconf 80' lang='grc' dir='ltr'><strong><em>Κλυταιμήστραν·</em></strong></span> <span class='ocrx_word' id='word_1_13' title='bbox 693 1378 956 1452; x_wconf 86' lang='grc' dir='ltr'><strong><em>μητροκτονήσαι</em></strong></span> <span class='ocrx_word' id='word_1_14' title='bbox 986 1365 1024 1434; x_wconf 77' lang='grc' dir='ltr'><strong><em>δέ</em></strong></span> <span class='ocrx_word' id='word_1_15' title='bbox 1054 1372 1231 1454; x_wconf 74' lang='grc' dir='ltr'><strong><em>τολμήσας,</em></strong></span> 
     </span>
     <span class='ocr_line' id='line_1_4' title="bbox 81 1473 1229 1560; baseline 0 -20"><span class='ocrx_word' id='word_1_16' title='bbox 81 1484 280 1559; x_wconf 85' lang='grc' dir='ltr'><strong><em>παραχρῆμα</em></strong></span> <span class='ocrx_word' id='word_1_17' title='bbox 303 1474 364 1557; x_wconf 84' lang='grc' dir='ltr'><strong><em>τήν</em></strong></span> <span class='ocrx_word' id='word_1_18' title='bbox 388 1475 486 1556; x_wconf 91' lang='grc' dir='ltr'><strong><em>δίκην</em></strong></span> <span class='ocrx_word' id='word_1_19' title='bbox 510 1476 633 1540; x_wconf 88' lang='grc' dir='ltr'><strong><em>έδωκεν</em></strong></span> <span class='ocrx_word' id='word_1_20' title='bbox 657 1473 805 1559; x_wconf 79' lang='grc' dir='ltr'><strong><em>ἐμμανής</em></strong></span> <span class='ocrx_word' id='word_1_21' title='bbox 823 1478 1009 1560; x_wconf 91' lang='grc' dir='ltr'><strong><em>γενόμενος.</em></strong></span> <span class='ocrx_word' id='word_1_22' title='bbox 1050 1476 1229 1558; x_wconf 74' lang='grc' dir='ltr'><strong><em>Τυνδάρεω</em></strong></span> 
     </span>
     <span class='ocr_line' id='line_1_5' title="bbox 82 1580 1230 1666; baseline 0.001 -19"><span class='ocrx_word' id='word_1_23' title='bbox 82 1581 139 1666; x_wconf 90' lang='grc' dir='ltr'><strong><em>δέ,</em></strong></span> <span class='ocrx_word' id='word_1_24' title='bbox 160 1591 223 1648; x_wconf 81' lang='grc' dir='ltr'><strong><em>τοῦ</em></strong></span> <span class='ocrx_word' id='word_1_25' title='bbox 245 1582 368 1664; x_wconf 86' lang='grc' dir='ltr'><strong><em>πατρὸς</em></strong></span> <span class='ocrx_word' id='word_1_26' title='bbox 390 1590 448 1664; x_wconf 81' lang='grc' dir='ltr'><strong><em>τῆς</em></strong></span> <span class='ocrx_word' id='word_1_27' title='bbox 470 1581 694 1666; x_wconf 77' lang='grc' dir='ltr'><strong><em>ἀνῃρημένης,</em></strong></span> <span class='ocrx_word' id='word_1_28' title='bbox 722 1586 1012 1665; x_wconf 88' lang='grc' dir='ltr'><strong><em>κατηγορήσαντος</em></strong></span> <span class='ocrx_word' id='word_1_29' title='bbox 1033 1580 1103 1647; x_wconf 88' lang='grc' dir='ltr'><strong><em>κατ’</em></strong></span> <span class='ocrx_word' id='word_1_30' title='bbox 1125 1582 1230 1648; x_wconf 85' lang='grc' dir='ltr'><strong><em>αὐτοῦ</em></strong></span> 
     </span>
     <span class='ocr_line' id='line_1_6' title="bbox 83 1686 1282 1773; baseline 0.001 -19"><span class='ocrx_word' id='word_1_31' title='bbox 83 1692 221 1772; x_wconf 89' lang='grc' dir='ltr'><strong><em>έμελλον</em></strong></span> <span class='ocrx_word' id='word_1_32' title='bbox 241 1686 383 1773; x_wconf 85' lang='grc' dir='ltr'><strong><em>Ἀργεῖοι</em></strong></span> <span class='ocrx_word' id='word_1_33' title='bbox 409 1689 528 1772; x_wconf 84' lang='grc' dir='ltr'><strong><em>κοινήν</em></strong></span> <span class='ocrx_word' id='word_1_34' title='bbox 558 1698 672 1772; x_wconf 79' lang='grc' dir='ltr'><strong><em>ήήφον</em></strong></span> <span class='ocrx_word' id='word_1_35' title='bbox 700 1689 900 1772; x_wconf 77' lang='grc' dir='ltr'><strong><em>ἐκφέρεσθαι</em></strong></span> <span class='ocrx_word' id='word_1_36' title='bbox 927 1687 1003 1772; x_wconf 78' lang='grc' dir='ltr'><strong><em>περὶ</em></strong></span> <span class='ocrx_word' id='word_1_37' title='bbox 1032 1698 1092 1754; x_wconf 87' lang='grc' dir='ltr'><strong><em>τοῦ</em></strong></span> <span class='ocrx_word' id='word_1_38' title='bbox 1119 1692 1153 1753; x_wconf 91' lang='grc' dir='ltr'><strong><em>τί</em></strong></span> <span class='ocrx_word' id='word_1_39' title='bbox 1178 1690 1232 1756; x_wconf 86' lang='grc' dir='ltr'><strong><em>δεῖ</em></strong></span> <span class='ocrx_word' id='word_1_40' title='bbox 1266 1708 1282 1756; x_wconf 78' lang='lat' dir='ltr'><strong>t</strong></span> 
     </span>
     <span class='ocr_line' id='line_1_7' title="bbox 81 1792 1230 1880; baseline 0 -20"><span class='ocrx_word' id='word_1_41' title='bbox 81 1803 205 1860; x_wconf 86' lang='grc' dir='ltr'><strong><em>παθεῖν</em></strong></span> <span class='ocrx_word' id='word_1_42' title='bbox 237 1796 296 1860; x_wconf 89' lang='grc' dir='ltr'><strong><em>τὸν</em></strong></span> <span class='ocrx_word' id='word_1_43' title='bbox 329 1795 550 1880; x_wconf 90' lang='grc' dir='ltr'><strong><em>ἀσεβήσαντα·</em></strong></span> <span class='ocrx_word' id='word_1_44' title='bbox 583 1798 665 1861; x_wconf 87' lang='grc' dir='ltr'><strong><em>κατά</em></strong></span> <span class='ocrx_word' id='word_1_45' title='bbox 697 1797 800 1880; x_wconf 84' lang='grc' dir='ltr'><strong><em>τύχην</em></strong></span> <span class='ocrx_word' id='word_1_46' title='bbox 833 1792 870 1861; x_wconf 79' lang='grc' dir='ltr'><strong><em>δέ</em></strong></span> <span class='ocrx_word' id='word_1_47' title='bbox 902 1795 1073 1873; x_wconf 87' lang='grc' dir='ltr'><strong><em>Μενέλαος</em></strong></span> <span class='ocrx_word' id='word_1_48' title='bbox 1105 1795 1140 1861; x_wconf 78' lang='grc' dir='ltr'><strong><em>ἐκ</em></strong></span> <span class='ocrx_word' id='word_1_49' title='bbox 1172 1806 1230 1880; x_wconf 84' lang='grc' dir='ltr'><strong><em>τῆς</em></strong></span> 
     </span>
     <span class='ocr_line' id='line_1_8' title="bbox 81 1899 1225 1988; baseline -0.001 -20"><span class='ocrx_word' id='word_1_50' title='bbox 81 1903 209 1986; x_wconf 77' lang='grc' dir='ltr'><strong><em>πλάνης</em></strong></span> <span class='ocrx_word' id='word_1_51' title='bbox 236 1902 459 1985; x_wconf 71' lang='grc' dir='ltr'><strong><em>ὑποστρέψας,</em></strong></span> <span class='ocrx_word' id='word_1_52' title='bbox 490 1905 609 1980; x_wconf 87' lang='grc' dir='ltr'><strong><em>νυκτὸς</em></strong></span> <span class='ocrx_word' id='word_1_53' title='bbox 637 1900 698 1988; x_wconf 76' lang='grc' dir='ltr'><strong><em>μέν</em></strong></span> <span class='ocrx_word' id='word_1_54' title='bbox 716 1902 853 1987; x_wconf 85' lang='grc' dir='ltr'><strong><em>Ἑλένην</em></strong></span> <span class='ocrx_word' id='word_1_55' title='bbox 881 1902 1117 1986; x_wconf 86' lang='grc' dir='ltr'><strong><em>είσαπέστειλε,</em></strong></span> <span class='ocrx_word' id='word_1_56' title='bbox 1149 1899 1225 1987; x_wconf 89' lang='grc' dir='ltr'><strong><em>μεθ’</em></strong></span> 
     </span>
     <span class='ocr_line' id='line_1_9' title="bbox 81 2005 1229 2094; baseline 0.003 -20"><span class='ocrx_word' id='word_1_57' title='bbox 81 2008 207 2094; x_wconf 82' lang='grc' dir='ltr'><strong><em>ἡμέραν</em></strong></span> <span class='ocrx_word' id='word_1_58' title='bbox 240 2006 277 2075; x_wconf 77' lang='grc' dir='ltr'><strong><em>δέ</em></strong></span> <span class='ocrx_word' id='word_1_59' title='bbox 309 2009 409 2087; x_wconf 84' lang='grc' dir='ltr'><strong><em>αὐτὸς</em></strong></span> <span class='ocrx_word' id='word_1_60' title='bbox 439 2006 553 2093; x_wconf 87' lang='grc' dir='ltr'><strong><em>ήλθεν.</em></strong></span> <span class='ocrx_word' id='word_1_61' title='bbox 599 2008 654 2075; x_wconf 83' lang='grc' dir='ltr'><strong><em>καὶ</em></strong></span> <span class='ocrx_word' id='word_1_62' title='bbox 680 2011 973 2094; x_wconf 79' lang='grc' dir='ltr'><strong><em>παρακαλούμενος</em></strong></span> <span class='ocrx_word' id='word_1_63' title='bbox 1000 2008 1056 2075; x_wconf 87' lang='grc' dir='ltr'><strong><em>ὑπ’</em></strong></span> <span class='ocrx_word' id='word_1_64' title='bbox 1076 2005 1229 2094; x_wconf 85' lang='grc' dir='ltr'><strong><em>Ὀρέστου</em></strong></span> 
     </span>
     <span class='ocr_line' id='line_1_10' title="bbox 82 2116 1229 2204; baseline 0.001 -23"><span class='ocrx_word' id='word_1_65' title='bbox 82 2120 251 2200; x_wconf 82' lang='grc' dir='ltr'><strong><em>βοηθῆσαι</em></strong></span> <span class='ocrx_word' id='word_1_66' title='bbox 278 2116 384 2204; x_wconf 80' lang='grc' dir='ltr'><strong><em>αὐτῷ,</em></strong></span> <span class='ocrx_word' id='word_1_67' title='bbox 413 2116 627 2201; x_wconf 79' lang='grc' dir='ltr'><strong><em>ἀντιλέγοντα</em></strong></span> <span class='ocrx_word' id='word_1_68' title='bbox 660 2118 861 2200; x_wconf 91' lang='grc' dir='ltr'><strong><em>Τυνδάρεων</em></strong></span> <span class='ocrx_word' id='word_1_69' title='bbox 888 2122 1016 2202; x_wconf 87' lang='grc' dir='ltr'><strong><em>μᾶλλον</em></strong></span> <span class='ocrx_word' id='word_1_70' title='bbox 1042 2118 1229 2202; x_wconf 75' lang='grc' dir='ltr'><strong><em>ηὐλαβήθη.</em></strong></span> 
     </span>
     <span class='ocr_line' id='line_1_11' title="bbox 82 2220 1282 2308; baseline 0.001 -20"><span class='ocrx_word' id='word_1_71' title='bbox 82 2222 271 2308; x_wconf 79' lang='grc' dir='ltr'><strong><em>λεχθέντων</em></strong></span> <span class='ocrx_word' id='word_1_72' title='bbox 305 2220 341 2288; x_wconf 76' lang='grc' dir='ltr'><strong><em>δέ</em></strong></span> <span class='ocrx_word' id='word_1_73' title='bbox 374 2225 484 2306; x_wconf 91' lang='grc' dir='ltr'><strong><em>λόγων</em></strong></span> <span class='ocrx_word' id='word_1_74' title='bbox 517 2222 553 2288; x_wconf 88' lang='grc' dir='ltr'><strong><em>έν</em></strong></span> <span class='ocrx_word' id='word_1_75' title='bbox 580 2233 651 2300; x_wconf 86' lang='grc' dir='ltr'><strong><em>τοῖς</em></strong></span> <span class='ocrx_word' id='word_1_76' title='bbox 679 2224 806 2307; x_wconf 80' lang='grc' dir='ltr'><strong><em>ὄχλοις,</em></strong></span> <span class='ocrx_word' id='word_1_77' title='bbox 838 2222 1007 2308; x_wconf 85' lang='grc' dir='ltr'><strong><em>έπηυέχθη</em></strong></span> <span class='ocrx_word' id='word_1_78' title='bbox 1034 2225 1072 2289; x_wconf 88' lang='grc' dir='ltr'><strong><em>τὸ</em></strong></span> <span class='ocrx_word' id='word_1_79' title='bbox 1099 2230 1229 2307; x_wconf 85' lang='grc' dir='ltr'><strong><em>πλῆθος</em></strong></span> <span class='ocrx_word' id='word_1_80' title='bbox 1249 2245 1282 2291; x_wconf 86' lang='grc'>10</span> 
     </span>
     <span class='ocr_line' id='line_1_12' title="bbox 81 2325 1230 2415; baseline 0.001 -20"><span class='ocrx_word' id='word_1_81' title='bbox 81 2331 290 2396; x_wconf 81' lang='grc' dir='ltr'><strong><em>ἀποκτείνειν</em></strong></span> <span class='ocrx_word' id='word_1_82' title='bbox 320 2325 482 2412; x_wconf 86' lang='grc' dir='ltr'><strong><em>Ὀρέστην.</em></strong></span> <span class='ocrx_word' id='word_1_83' title='bbox 647 2329 923 2415; x_wconf 79' lang='grc' dir='ltr'><strong><em>ἐπαγγειλάμενος</em></strong></span> <span class='ocrx_word' id='word_1_84' title='bbox 958 2330 1061 2396; x_wconf 85' lang='grc' dir='ltr'><strong><em>αὑτὸν</em></strong></span> <span class='ocrx_word' id='word_1_85' title='bbox 1097 2329 1132 2395; x_wconf 78' lang='grc' dir='ltr'><strong><em>ἐκ</em></strong></span> <span class='ocrx_word' id='word_1_86' title='bbox 1168 2340 1230 2396; x_wconf 84' lang='grc' dir='ltr'><strong><em>τοῦ</em></strong></span> 
     </span>
     <span class='ocr_line' id='line_1_13' title="bbox 81 2434 1228 2521; baseline 0 -19"><span class='ocrx_word' id='word_1_87' title='bbox 81 2441 159 2521; x_wconf 88' lang='grc' dir='ltr'><strong><em>βίου</em></strong></span> <span class='ocrx_word' id='word_1_88' title='bbox 181 2440 370 2520; x_wconf 83' lang='grc' dir='ltr'><strong><em>προΐεσθαι.</em></strong></span> <span class='ocrx_word' id='word_1_89' title='bbox 410 2437 523 2502; x_wconf 84' lang='grc' dir='ltr'><strong><em>συνὼν</em></strong></span> <span class='ocrx_word' id='word_1_90' title='bbox 547 2434 584 2502; x_wconf 77' lang='grc' dir='ltr'><strong><em>δέ</em></strong></span> <span class='ocrx_word' id='word_1_91' title='bbox 606 2437 738 2514; x_wconf 87' lang='grc' dir='ltr'><strong><em>τούτοις</em></strong></span> <span class='ocrx_word' id='word_1_92' title='bbox 761 2437 779 2502; x_wconf 85' lang='grc' dir='ltr'>ὁ</span> <span class='ocrx_word' id='word_1_93' title='bbox 799 2438 972 2521; x_wconf 78' lang='grc' dir='ltr'><strong><em>Πυλάδης,</em></strong></span> <span class='ocrx_word' id='word_1_94' title='bbox 997 2442 1095 2520; x_wconf 83' lang='grc' dir='ltr'><strong><em>φίλος</em></strong></span> <span class='ocrx_word' id='word_1_95' title='bbox 1114 2437 1228 2519; x_wconf 87' lang='grc' dir='ltr'><strong><em>αὐτοῦ,</em></strong></span> 
     </span>
     <span class='ocr_line' id='line_1_14' title="bbox 82 2539 1229 2628; baseline -0.003 -18"><span class='ocrx_word' id='word_1_96' title='bbox 82 2546 325 2628; x_wconf 81' lang='grc' dir='ltr'><strong><em>συνεβούλευσε</em></strong></span> <span class='ocrx_word' id='word_1_97' title='bbox 362 2555 495 2627; x_wconf 85' lang='grc' dir='ltr'><strong><em>πρῶτον</em></strong></span> <span class='ocrx_word' id='word_1_98' title='bbox 536 2544 711 2609; x_wconf 79' lang='grc' dir='ltr'><strong><em>Μενελάου</em></strong></span> <span class='ocrx_word' id='word_1_99' title='bbox 747 2547 909 2627; x_wconf 86' lang='grc' dir='ltr'><strong><em>τιμωρίαν</em></strong></span> <span class='ocrx_word' id='word_1_100' title='bbox 946 2548 1061 2627; x_wconf 81' lang='grc' dir='ltr'><strong><em>λαβεῖν</em></strong></span> <span class='ocrx_word' id='word_1_101' title='bbox 1092 2539 1229 2627; x_wconf 83' lang='grc' dir='ltr'><strong><em>Ἑλένην</em></strong></span> 
     </span>
     <span class='ocr_line' id='line_1_15' title="bbox 82 2644 1229 2734; baseline -0.001 -17"><span class='ocrx_word' id='word_1_102' title='bbox 82 2652 346 2728; x_wconf 88' lang='grc' dir='ltr'><strong><em>ἀποκτείναντας.</em></strong></span> <span class='ocrx_word' id='word_1_103' title='bbox 393 2646 489 2714; x_wconf 79' lang='grc' dir='ltr'><strong><em>αὐτοὶ</em></strong></span> <span class='ocrx_word' id='word_1_104' title='bbox 518 2646 580 2734; x_wconf 72' lang='grc' dir='ltr'><strong><em>μὲν</em></strong></span> <span class='ocrx_word' id='word_1_105' title='bbox 604 2644 667 2715; x_wconf 86' lang='grc' dir='ltr'><strong><em>οὖν</em></strong></span> <span class='ocrx_word' id='word_1_106' title='bbox 690 2648 742 2715; x_wconf 78' lang='grc' dir='ltr'><strong><em>ἐπὶ</em></strong></span> <span class='ocrx_word' id='word_1_107' title='bbox 765 2652 896 2727; x_wconf 87' lang='grc' dir='ltr'><strong><em>τούτοις</em></strong></span> <span class='ocrx_word' id='word_1_108' title='bbox 920 2652 1075 2727; x_wconf 83' lang='grc' dir='ltr'><strong><em>ἐλθόντες</em></strong></span> <span class='ocrx_word' id='word_1_109' title='bbox 1099 2651 1229 2727; x_wconf 77' lang='grc' dir='ltr'><strong><em>διεφεύ-</em></strong></span> 
     </span>
     <span class='ocr_line' id='line_1_16' title="bbox 82 2752 1281 2843; baseline 0 -19"><span class='ocrx_word' id='word_1_110' title='bbox 82 2767 216 2843; x_wconf 91' lang='grc' dir='ltr'><strong><em>σθησαν</em></strong></span> <span class='ocrx_word' id='word_1_111' title='bbox 238 2767 298 2841; x_wconf 88' lang='grc' dir='ltr'><strong><em>τής</em></strong></span> <span class='ocrx_word' id='word_1_112' title='bbox 321 2757 455 2835; x_wconf 87' lang='grc' dir='ltr'><strong><em>έλπίδος</em></strong></span> <span class='ocrx_word' id='word_1_113' title='bbox 472 2762 564 2821; x_wconf 86' lang='grc' dir='ltr'><strong><em>θεῶν</em></strong></span> <span class='ocrx_word' id='word_1_114' title='bbox 584 2758 644 2841; x_wconf 84' lang='grc' dir='ltr'><strong><em>τήν</em></strong></span> <span class='ocrx_word' id='word_1_115' title='bbox 659 2752 797 2840; x_wconf 83' lang='grc' dir='ltr'><strong><em>Ἑλένην</em></strong></span> <span class='ocrx_word' id='word_1_116' title='bbox 816 2757 1048 2841; x_wconf 80' lang='grc' dir='ltr'><strong><em>ἁρπασάντων·</em></strong></span> <span class='ocrx_word' id='word_1_117' title='bbox 1070 2755 1228 2841; x_wconf 84' lang='grc' dir='ltr'><strong><em>Ἠλέκτρα</em></strong></span> <span class='ocrx_word' id='word_1_118' title='bbox 1248 2777 1281 2824; x_wconf 82' lang='grc'>15</span> 
     </span>
     <span class='ocr_line' id='line_1_17' title="bbox 82 2861 1228 2949; baseline -0.001 -18"><span class='ocrx_word' id='word_1_119' title='bbox 82 2862 118 2931; x_wconf 79' lang='grc' dir='ltr'><strong><em>δέ</em></strong></span> <span class='ocrx_word' id='word_1_120' title='bbox 140 2862 322 2949; x_wconf 85' lang='grc' dir='ltr'><strong><em>Ἑρμιόνην</em></strong></span> <span class='ocrx_word' id='word_1_121' title='bbox 356 2865 574 2947; x_wconf 81' lang='grc' dir='ltr'><strong><em>ἐπιφανεῖσαν</em></strong></span> <span class='ocrx_word' id='word_1_122' title='bbox 604 2865 727 2929; x_wconf 87' lang='grc' dir='ltr'><strong><em>έδωκεν</em></strong></span> <span class='ocrx_word' id='word_1_123' title='bbox 754 2866 803 2941; x_wconf 80' lang='grc' dir='ltr'><strong><em>εἰς</em></strong></span> <span class='ocrx_word' id='word_1_124' title='bbox 830 2875 941 2949; x_wconf 86' lang='grc' dir='ltr'><strong><em>χεῖρας</em></strong></span> <span class='ocrx_word' id='word_1_125' title='bbox 968 2864 1093 2941; x_wconf 85' lang='grc' dir='ltr'><strong><em>αὐτοῖς·</em></strong></span> <span class='ocrx_word' id='word_1_126' title='bbox 1131 2868 1166 2929; x_wconf 83' lang='grc' dir='ltr'><strong><em>οἳ</em></strong></span> <span class='ocrx_word' id='word_1_127' title='bbox 1191 2861 1228 2930; x_wconf 78' lang='grc' dir='ltr'><strong><em>δέ</em></strong></span> 
     </span>
     <span class='ocr_line' id='line_1_18' title="bbox 82 2968 1228 3057; baseline 0 -21"><span class='ocrx_word' id='word_1_128' title='bbox 82 2974 206 3054; x_wconf 89' lang='grc' dir='ltr'><strong><em>ταύτην</em></strong></span> <span class='ocrx_word' id='word_1_129' title='bbox 226 2973 385 3057; x_wconf 90' lang='grc' dir='ltr'><strong><em>φονεύειν</em></strong></span> <span class='ocrx_word' id='word_1_130' title='bbox 404 2974 552 3056; x_wconf 82' lang='grc' dir='ltr'><strong><em>ἔμελλον.</em></strong></span> <span class='ocrx_word' id='word_1_131' title='bbox 590 2968 762 3054; x_wconf 80' lang='grc' dir='ltr'><strong><em>ἐπιφανεὶς</em></strong></span> <span class='ocrx_word' id='word_1_132' title='bbox 781 2968 817 3037; x_wconf 73' lang='grc' dir='ltr'><strong><em>δὲ</em></strong></span> <span class='ocrx_word' id='word_1_133' title='bbox 835 2971 1005 3048; x_wconf 89' lang='grc' dir='ltr'><strong><em>Μενέλαος</em></strong></span> <span class='ocrx_word' id='word_1_134' title='bbox 1023 2969 1077 3035; x_wconf 82' lang='grc' dir='ltr'><strong><em>καὶ</em></strong></span> <span class='ocrx_word' id='word_1_135' title='bbox 1097 2971 1228 3054; x_wconf 81' lang='grc' dir='ltr'><strong><em>βλέπων</em></strong></span> 
     </span>
     <span class='ocr_line' id='line_1_19' title="bbox 82 3074 1228 3163; baseline -0.003 -17"><span class='ocrx_word' id='word_1_136' title='bbox 82 3079 200 3146; x_wconf 79' lang='grc' dir='ltr'><strong><em>ἑαυτὸν</em></strong></span> <span class='ocrx_word' id='word_1_137' title='bbox 233 3079 300 3163; x_wconf 88' lang='grc' dir='ltr'><strong><em>ἀμα</em></strong></span> <span class='ocrx_word' id='word_1_138' title='bbox 333 3080 491 3162; x_wconf 89' lang='grc' dir='ltr'><strong><em>γυναικὸς</em></strong></span> <span class='ocrx_word' id='word_1_139' title='bbox 522 3076 579 3142; x_wconf 80' lang='grc' dir='ltr'><strong><em>καί</em></strong></span> <span class='ocrx_word' id='word_1_140' title='bbox 610 3076 728 3145; x_wconf 88' lang='grc' dir='ltr'><strong><em>τέκνου</em></strong></span> <span class='ocrx_word' id='word_1_141' title='bbox 762 3079 985 3162; x_wconf 88' lang='grc' dir='ltr'><strong><em>στερούμενον</em></strong></span> <span class='ocrx_word' id='word_1_142' title='bbox 1015 3074 1073 3143; x_wconf 82' lang='grc' dir='ltr'><strong><em>ὑπ’</em></strong></span> <span class='ocrx_word' id='word_1_143' title='bbox 1105 3078 1228 3162; x_wconf 83' lang='grc' dir='ltr'><strong><em>αὐτῶν,</em></strong></span> 
     </span>
     <span class='ocr_line' id='line_1_20' title="bbox 82 3182 1228 3271; baseline -0.002 -19"><span class='ocrx_word' id='word_1_144' title='bbox 82 3185 277 3271; x_wconf 78' lang='grc' dir='ltr'><strong><em>ἐπεβάλλετο</em></strong></span> <span class='ocrx_word' id='word_1_145' title='bbox 305 3188 346 3251; x_wconf 82' lang='grc' dir='ltr'><strong><em>τά</em></strong></span> <span class='ocrx_word' id='word_1_146' title='bbox 373 3189 525 3270; x_wconf 88' lang='grc' dir='ltr'><strong><em>βασίλεια</em></strong></span> <span class='ocrx_word' id='word_1_147' title='bbox 552 3192 709 3268; x_wconf 86' lang='grc' dir='ltr'><strong><em>πορθεῖν·</em></strong></span> <span class='ocrx_word' id='word_1_148' title='bbox 747 3188 782 3250; x_wconf 81' lang='grc' dir='ltr'><strong><em>οἳ</em></strong></span> <span class='ocrx_word' id='word_1_149' title='bbox 809 3182 845 3251; x_wconf 79' lang='grc' dir='ltr'><strong><em>δέ</em></strong></span> <span class='ocrx_word' id='word_1_150' title='bbox 868 3185 1059 3271; x_wconf 88' lang='grc' dir='ltr'><strong><em>φθάσαντες</em></strong></span> <span class='ocrx_word' id='word_1_151' title='bbox 1082 3184 1228 3269; x_wconf 74' lang='grc' dir='ltr'><strong><em>ἀφάνειν</em></strong></span> 
     </span>
     <span class='ocr_line' id='line_1_21' title="bbox 81 3288 1325 3378; baseline 0 -19"><span class='ocrx_word' id='word_1_152' title='bbox 81 3293 274 3377; x_wconf 86' lang='grc' dir='ltr'><strong><em>ήπείλησαν.</em></strong></span> <span class='ocrx_word' id='word_1_153' title='bbox 320 3291 492 3376; x_wconf 80' lang='grc' dir='ltr'><strong><em>ἐπιφανεὶς</em></strong></span> <span class='ocrx_word' id='word_1_154' title='bbox 520 3290 556 3358; x_wconf 79' lang='grc' dir='ltr'><strong><em>δέ</em></strong></span> <span class='ocrx_word' id='word_1_155' title='bbox 581 3291 750 3359; x_wconf 85' lang='grc' dir='ltr'><strong><em>Ἀπόλλων</em></strong></span> <span class='ocrx_word' id='word_1_156' title='bbox 773 3288 912 3376; x_wconf 82' lang='grc' dir='ltr'><strong><em>Ἑλένην</em></strong></span> <span class='ocrx_word' id='word_1_157' title='bbox 940 3290 1000 3378; x_wconf 77' lang='grc' dir='ltr'><strong><em>μέν</em></strong></span> <span class='ocrx_word' id='word_1_158' title='bbox 1028 3296 1152 3376; x_wconf 83' lang='grc' dir='ltr'><strong><em>ἔφησεν</em></strong></span> <span class='ocrx_word' id='word_1_159' title='bbox 1181 3296 1228 3371; x_wconf 80' lang='grc' dir='ltr'><strong><em>εἰς</em></strong></span> <span class='ocrx_word' id='word_1_160' title='bbox 1245 3312 1280 3360; x_wconf 77' lang='lat'><strong><em>20</em></strong></span> <span class='ocrx_word' id='word_1_161' title='bbox 1323 3363 1325 3367; x_wconf 60' lang='grc'><strong><em>,</em></strong></span> 
     </span>
    </p>
   </div>
   <div class='ocr_carea' id='block_1_3' title="bbox 81 3475 1228 4501">
    <p class='ocr_par' dir='ltr' id='par_1_3' title="bbox 81 3475 1228 3788">
     <span class='ocr_line' id='line_1_22' title="bbox 169 3475 1227 3549; baseline 0.001 -17"><span class='ocrx_word' id='word_1_162' title='bbox 169 3478 230 3533; x_wconf 89' lang='grc' dir='ltr'><strong><em>Ηοο</em></strong></span> <span class='ocrx_word' id='word_1_163' title='bbox 254 3481 450 3549; x_wconf 78' lang='lat' dir='ltr'>argumentum</span> <span class='ocrx_word' id='word_1_164' title='bbox 474 3495 527 3532; x_wconf 89' lang='lat' dir='ltr'><strong><em>om.</em></strong></span> <span class='ocrx_word' id='word_1_165' title='bbox 552 3479 574 3533; x_wconf 84' lang='lat' dir='ltr'><strong><em>S</em></strong></span> <span class='ocrx_word' id='word_1_166' title='bbox 598 3484 601 3545; x_wconf 71' lang='lat' dir='ltr'>l</span> <span class='ocrx_word' id='word_1_167' title='bbox 626 3478 718 3532; x_wconf 83' lang='lat' dir='ltr'><strong>verbis</strong></span> <span class='ocrx_word' id='word_1_168' title='bbox 741 3476 877 3541; x_wconf 83' lang='grc' dir='ltr'><strong><em>ὑπόθεσις</em></strong></span> <span class='ocrx_word' id='word_1_169' title='bbox 900 3475 1013 3546; x_wconf 87' lang='grc' dir='ltr'><strong><em>όρέστου</em></strong></span> <span class='ocrx_word' id='word_1_170' title='bbox 1038 3477 1126 3532; x_wconf 84' lang='lat' dir='ltr'><strong>adscr.</strong></span> <span class='ocrx_word' id='word_1_171' title='bbox 1147 3478 1179 3533; x_wconf 77' lang='grc' dir='ltr'><strong><em>α’</em></strong></span> <span class='ocrx_word' id='word_1_172' title='bbox 1197 3478 1227 3533; x_wconf 78' lang='grc' dir='ltr'><strong><em>ἐκ</em></strong></span> 
     </span>
     <span class='ocr_line' id='line_1_23' title="bbox 82 3557 1228 3628; baseline 0.001 -15"><span class='ocrx_word' id='word_1_173' title='bbox 82 3562 159 3613; x_wconf 52' lang='grc' dir='ltr'><strong><em>δικῶν</em></strong></span> <span class='ocrx_word' id='word_1_174' title='bbox 180 3557 198 3613; x_wconf 88' lang='lat' dir='ltr'><strong><em>i.</em></strong></span> <span class='ocrx_word' id='word_1_175' title='bbox 214 3575 237 3612; x_wconf 84' lang='lat' dir='ltr'><strong><em>e.</em></strong></span> <span class='ocrx_word' id='word_1_176' title='bbox 257 3576 314 3612; x_wconf 87' lang='lat' dir='ltr'><strong><em>non</em></strong></span> <span class='ocrx_word' id='word_1_177' title='bbox 332 3557 362 3611; x_wconf 81' lang='grc' dir='ltr'><strong><em>έκ</em></strong></span> <span class='ocrx_word' id='word_1_178' title='bbox 377 3557 552 3628; x_wconf 84' lang='grc' dir='ltr'><strong><em>Δικαιάρχου</em></strong></span> <span class='ocrx_word' id='word_1_179' title='bbox 571 3558 778 3628; x_wconf 87' lang='grc' dir='ltr'><strong><em>ὑπομνημάτων</em></strong></span> <span class='ocrx_word' id='word_1_180' title='bbox 797 3558 841 3613; x_wconf 86' lang='lat' dir='ltr'><strong><em>vel</em></strong></span> <span class='ocrx_word' id='word_1_181' title='bbox 855 3557 946 3612; x_wconf 77' lang='lat' dir='ltr'>simile</span> <span class='ocrx_word' id='word_1_182' title='bbox 961 3557 1030 3627; x_wconf 90' lang='lat' dir='ltr'>quid</span> <span class='ocrx_word' id='word_1_183' title='bbox 1045 3559 1094 3612; x_wconf 80' lang='lat' dir='ltr'><strong><em>sed</em></strong></span> <span class='ocrx_word' id='word_1_184' title='bbox 1109 3558 1228 3614; x_wconf 86' lang='grc' dir='ltr'><strong><em>έκδικῶν</em></strong></span> 
     </span>
     <span class='ocr_line' id='line_1_24' title="bbox 82 3636 1227 3709; baseline 0.002 -18"><span class='ocrx_word' id='word_1_185' title='bbox 82 3638 321 3709; x_wconf 68' lang='lat' dir='ltr'><strong>interpretationis</strong></span> <span class='ocrx_word' id='word_1_186' title='bbox 336 3655 422 3693; x_wconf 78' lang='lat' dir='ltr'><strong>eausa</strong></span> <span class='ocrx_word' id='word_1_187' title='bbox 436 3639 473 3691; x_wconf 85' lang='lat' dir='ltr'><strong><em>ad</em></strong></span> <span class='ocrx_word' id='word_1_188' title='bbox 487 3637 644 3709; x_wconf 82' lang='lat' dir='ltr'>proximum</span> <span class='ocrx_word' id='word_1_189' title='bbox 654 3640 768 3693; x_wconf 86' lang='lat' dir='ltr'>verbum</span> <span class='ocrx_word' id='word_1_190' title='bbox 778 3636 1035 3708; x_wconf 84' lang='grc' dir='ltr'><strong><em>μεταπορευόμενος</em></strong></span> <span class='ocrx_word' id='word_1_191' title='bbox 1045 3638 1227 3709; x_wconf 79' lang='lat' dir='ltr'>adscriptum,</span> 
     </span>
     <span class='ocr_line' id='line_1_25' title="bbox 81 3717 771 3788; baseline 0.004 -16"><span class='ocrx_word' id='word_1_192' title='bbox 81 3723 113 3774; x_wconf 93' lang='lat' dir='ltr'><strong><em>ut</em></strong></span> <span class='ocrx_word' id='word_1_193' title='bbox 132 3720 162 3773; x_wconf 80' lang='lat' dir='ltr'><em>F</em></span> <span class='ocrx_word' id='word_1_194' title='bbox 177 3718 292 3774; x_wconf 82' lang='lat' dir='ltr'><strong>exhibet</strong></span> <span class='ocrx_word' id='word_1_195' title='bbox 310 3717 567 3788; x_wconf 81' lang='grc' dir='ltr'><strong><em>μεταπορευόμενος</em></strong></span> <span class='ocrx_word' id='word_1_196' title='bbox 586 3720 633 3773; x_wconf 82' lang='grc' dir='ltr'><strong><em>καὶ</em></strong></span> <span class='ocrx_word' id='word_1_197' title='bbox 653 3719 771 3775; x_wconf 76' lang='grc' dir='ltr'><strong><em>ἐκδικῶν</em></strong></span> 
     </span>
    </p>

    <p class='ocr_par' dir='ltr' id='par_1_4' title="bbox 81 3796 1227 3950">
     <span class='ocr_line' id='line_1_26' title="bbox 168 3796 1227 3872; baseline 0 -18"><span class='ocrx_word' id='word_1_198' title='bbox 168 3799 261 3855; x_wconf 56' lang='lat' dir='ltr'><strong><em>Line</em></strong></span> <span class='ocrx_word' id='word_1_199' title='bbox 281 3799 520 3868; x_wconf 87' lang='grc' dir='ltr'><strong><em>κλνταιμνήστραυ</em></strong></span> <span class='ocrx_word' id='word_1_200' title='bbox 538 3799 604 3854; x_wconf 84' lang='lat' dir='ltr'>libri</span> <span class='ocrx_word' id='word_1_201' title='bbox 657 3797 754 3854; x_wconf 86' lang='grc' dir='ltr'><strong><em>4κατ’</em></strong></span> <span class='ocrx_word' id='word_1_202' title='bbox 768 3800 867 3872; x_wconf 75' lang='grc' dir='ltr'><strong><em>αὐτοῦ]</em></strong></span> <span class='ocrx_word' id='word_1_203' title='bbox 882 3796 908 3853; x_wconf 88' lang='grc' dir='ltr'><strong><em>κ’</em></strong></span> <span class='ocrx_word' id='word_1_204' title='bbox 923 3801 1010 3854; x_wconf 76' lang='grc' dir='ltr'><strong><em>αὐτοῦ</em></strong></span> <span class='ocrx_word' id='word_1_205' title='bbox 1025 3803 1052 3856; x_wconf 78' lang='grc' dir='ltr'><strong><em>Α</em></strong></span> <span class='ocrx_word' id='word_1_206' title='bbox 1103 3807 1182 3855; x_wconf 81' lang='grc' dir='ltr'><strong><em>ὅτοῦ</em></strong></span> <span class='ocrx_word' id='word_1_207' title='bbox 1201 3799 1227 3854; x_wconf 88' lang='grc' dir='ltr'><strong><em>τί</em></strong></span> 
     </span>
     <span class='ocr_line' id='line_1_27' title="bbox 81 3877 1154 3950; baseline 0.001 -16"><span class='ocrx_word' id='word_1_208' title='bbox 81 3882 126 3934; x_wconf 85' lang='grc' dir='ltr'><strong><em>δεῖ</em></strong></span> <span class='ocrx_word' id='word_1_209' title='bbox 147 3880 190 3934; x_wconf 86' lang='lat' dir='ltr'><strong><em>vel</em></strong></span> <span class='ocrx_word' id='word_1_210' title='bbox 214 3881 315 3935; x_wconf 81' lang='grc' dir='ltr'><strong><em>τούτου</em></strong></span> <span class='ocrx_word' id='word_1_211' title='bbox 334 3877 360 3933; x_wconf 93' lang='grc' dir='ltr'><strong><em>τί</em></strong></span> <span class='ocrx_word' id='word_1_212' title='bbox 379 3882 424 3934; x_wconf 83' lang='grc' dir='ltr'><strong><em>δεῖ</em></strong></span> <span class='ocrx_word' id='word_1_213' title='bbox 441 3879 552 3934; x_wconf 83' lang='lat' dir='ltr'><strong>codices</strong></span> <span class='ocrx_word' id='word_1_214' title='bbox 571 3897 638 3948; x_wconf 77' lang='lat' dir='ltr'><strong>ree,</strong></span> <span class='ocrx_word' id='word_1_215' title='bbox 664 3890 714 3934; x_wconf 82' lang='grc' dir='ltr'><strong><em>τοῦ</em></strong></span> <span class='ocrx_word' id='word_1_216' title='bbox 731 3879 797 3934; x_wconf 88' lang='lat' dir='ltr'>libri</span> <span class='ocrx_word' id='word_1_217' title='bbox 817 3883 936 3948; x_wconf 74' lang='lat' dir='ltr'><strong>veteres,</strong></span> <span class='ocrx_word' id='word_1_218' title='bbox 956 3880 1004 3934; x_wconf 86' lang='lat' dir='ltr'><strong>cfr.</strong></span> <span class='ocrx_word' id='word_1_219' title='bbox 1024 3899 1048 3936; x_wconf 85' lang='lat' dir='ltr'><strong><em>v.</em></strong></span> <span class='ocrx_word' id='word_1_220' title='bbox 1069 3886 1154 3950; x_wconf 69' lang='lat' dir='ltr'><strong>508q.</strong></span> 
     </span>
    </p>

    <p class='ocr_par' dir='ltr' id='par_1_5' title="bbox 81 3959 1227 4434">
     <span class='ocr_line' id='line_1_28' title="bbox 82 3959 1155 4032; baseline 0.003 -19"><span class='ocrx_word' id='word_1_221' title='bbox 82 3966 98 4013; x_wconf 83' lang='lat'>6</span> <span class='ocrx_word' id='word_1_222' title='bbox 115 3962 180 4023; x_wconf 78' lang='grc' dir='ltr'><strong><em>τοὺς</em></strong></span> <span class='ocrx_word' id='word_1_223' title='bbox 198 3959 390 4032; x_wconf 81' lang='grc' dir='ltr'><strong><em>ἀσεβήσαντας</em></strong></span> <span class='ocrx_word' id='word_1_224' title='bbox 408 3963 444 4029; x_wconf 86' lang='grc' dir='ltr'><strong><em>Α,</em></strong></span> <span class='ocrx_word' id='word_1_225' title='bbox 463 3960 551 4015; x_wconf 86' lang='grc' dir='ltr'><strong><em>αότδν</em></strong></span> <span class='ocrx_word' id='word_1_226' title='bbox 568 3961 618 4015; x_wconf 87' lang='grc' dir='ltr'><strong><em>τὸν</em></strong></span> <span class='ocrx_word' id='word_1_227' title='bbox 637 3960 811 4032; x_wconf 86' lang='grc' dir='ltr'><strong><em>ἀσεβήσαυτα</em></strong></span> <span class='ocrx_word' id='word_1_228' title='bbox 832 3961 861 4014; x_wconf 89' lang='grc' dir='ltr'><em>Ε</em></span> <span class='ocrx_word' id='word_1_229' title='bbox 932 3965 947 4013; x_wconf 77' lang='lat' dir='ltr'><strong><em>&#39;l</em></strong></span> <span class='ocrx_word' id='word_1_230' title='bbox 967 3959 1108 4016; x_wconf 87' lang='grc' dir='ltr'><strong><em>ἀπέστειλε</em></strong></span> <span class='ocrx_word' id='word_1_231' title='bbox 1128 3963 1155 4016; x_wconf 90' lang='grc' dir='ltr'>Β</span> 
     </span>
     <span class='ocr_line' id='line_1_29' title="bbox 83 4038 1227 4111; baseline 0.003 -18"><span class='ocrx_word' id='word_1_232' title='bbox 83 4046 147 4110; x_wconf 68' lang='lat' dir='ltr'><strong><em>leq.</em></strong></span> <span class='ocrx_word' id='word_1_233' title='bbox 168 4041 253 4104; x_wconf 84' lang='grc' dir='ltr'><strong><em>αάτδς</em></strong></span> <span class='ocrx_word' id='word_1_234' title='bbox 271 4040 302 4095; x_wconf 78' lang='grc' dir='ltr'><strong><em>δέ</em></strong></span> <span class='ocrx_word' id='word_1_235' title='bbox 321 4039 387 4110; x_wconf 84' lang='grc' dir='ltr'><strong><em>μεθ’</em></strong></span> <span class='ocrx_word' id='word_1_236' title='bbox 410 4038 516 4111; x_wconf 78' lang='grc' dir='ltr'><strong><em>ἡμέραν</em></strong></span> <span class='ocrx_word' id='word_1_237' title='bbox 535 4041 646 4110; x_wconf 83' lang='grc' dir='ltr'><strong><em>εἰσῆλθε</em></strong></span> <span class='ocrx_word' id='word_1_238' title='bbox 665 4060 683 4094; x_wconf 88' lang='grc' dir='ltr'><strong><em>α</em></strong></span> <span class='ocrx_word' id='word_1_239' title='bbox 745 4047 761 4094; x_wconf 85' lang='grc'>8</span> <span class='ocrx_word' id='word_1_240' title='bbox 780 4041 886 4110; x_wconf 82' lang='grc' dir='ltr'><strong><em>ἀνῆλθε</em></strong></span> <span class='ocrx_word' id='word_1_241' title='bbox 907 4043 934 4095; x_wconf 85' lang='grc' dir='ltr'><em>Β</em></span> <span class='ocrx_word' id='word_1_242' title='bbox 950 4043 954 4110; x_wconf 86' lang='grc' dir='ltr'>Ι</span> <span class='ocrx_word' id='word_1_243' title='bbox 970 4042 1024 4096; x_wconf 82' lang='grc' dir='ltr'><strong><em>ὑπὸ</em></strong></span> <span class='ocrx_word' id='word_1_244' title='bbox 1043 4049 1092 4095; x_wconf 84' lang='grc' dir='ltr'><strong><em>τοῦ</em></strong></span> <span class='ocrx_word' id='word_1_245' title='bbox 1113 4041 1227 4109; x_wconf 84' lang='grc' dir='ltr'><strong><em>όρέστου</em></strong></span> 
     </span>
     <span class='ocr_line' id='line_1_30' title="bbox 81 4119 1223 4193; baseline 0.002 -19"><span class='ocrx_word' id='word_1_246' title='bbox 81 4123 109 4175; x_wconf 91' lang='grc' dir='ltr'>Β</span> <span class='ocrx_word' id='word_1_247' title='bbox 162 4121 343 4193; x_wconf 73' lang='grc' dir='ltr'><strong><em>θεόλαβήθη</em></strong></span> <span class='ocrx_word' id='word_1_248' title='bbox 363 4124 389 4176; x_wconf 83' lang='grc' dir='ltr'><strong><em>Α</em></strong></span> <span class='ocrx_word' id='word_1_249' title='bbox 455 4127 489 4174; x_wconf 87' lang='grc'>10</span> <span class='ocrx_word' id='word_1_250' title='bbox 508 4119 627 4193; x_wconf 82' lang='grc' dir='ltr'><strong><em>έπηνέχη</em></strong></span> <span class='ocrx_word' id='word_1_251' title='bbox 647 4123 674 4176; x_wconf 91' lang='grc' dir='ltr'>Β</span> <span class='ocrx_word' id='word_1_252' title='bbox 740 4128 771 4175; x_wconf 95' lang='grc'><strong><em>11</em></strong></span> <span class='ocrx_word' id='word_1_253' title='bbox 792 4121 924 4175; x_wconf 82' lang='lat' dir='ltr'>lacunam</span> <span class='ocrx_word' id='word_1_254' title='bbox 942 4121 1079 4175; x_wconf 84' lang='lat' dir='ltr'>indicavit</span> <span class='ocrx_word' id='word_1_255' title='bbox 1098 4121 1223 4190; x_wconf 74' lang='lat' dir='ltr'><strong>Person}</strong></span> 
     </span>
     <span class='ocr_line' id='line_1_31' title="bbox 82 4199 1225 4275; baseline 0.003 -21"><span class='ocrx_word' id='word_1_256' title='bbox 82 4200 319 4273; x_wconf 78' lang='grc' dir='ltr'><strong><em>ἐπαγγειλάμενον</em></strong></span> <span class='ocrx_word' id='word_1_257' title='bbox 338 4201 438 4257; x_wconf 81' lang='grc' dir='ltr'><strong><em>ἑαυτὸν</em></strong></span> <span class='ocrx_word' id='word_1_258' title='bbox 452 4221 470 4256; x_wconf 90' lang='grc' dir='ltr'><strong><em>α</em></strong></span> <span class='ocrx_word' id='word_1_259' title='bbox 534 4208 563 4254; x_wconf 92' lang='grc'><strong><em>11</em></strong></span> <span class='ocrx_word' id='word_1_260' title='bbox 576 4221 615 4272; x_wconf 83' lang='lat' dir='ltr'><strong><em>sq.</em></strong></span> <span class='ocrx_word' id='word_1_261' title='bbox 637 4203 676 4264; x_wconf 84' lang='grc' dir='ltr'><strong><em>εἰς</em></strong></span> <span class='ocrx_word' id='word_1_262' title='bbox 694 4203 744 4257; x_wconf 87' lang='grc' dir='ltr'><strong><em>τὸν</em></strong></span> <span class='ocrx_word' id='word_1_263' title='bbox 763 4199 825 4273; x_wconf 89' lang='grc' dir='ltr'><strong><em>βίον</em></strong></span> <span class='ocrx_word' id='word_1_264' title='bbox 840 4203 902 4256; x_wconf 84' lang='grc' dir='ltr'><strong><em>ΑΕ</em></strong></span> <span class='ocrx_word' id='word_1_265' title='bbox 964 4208 996 4254; x_wconf 77' lang='lat'><strong><em>12</em></strong></span> <span class='ocrx_word' id='word_1_266' title='bbox 1017 4201 1031 4255; x_wconf 89' lang='grc' dir='ltr'><strong><em>δ</em></strong></span> <span class='ocrx_word' id='word_1_267' title='bbox 1051 4200 1132 4270; x_wconf 87' lang='grc' dir='ltr'><strong><em>φίλος</em></strong></span> <span class='ocrx_word' id='word_1_268' title='bbox 1145 4204 1205 4257; x_wconf 90' lang='lat' dir='ltr'><strong><em>BL</em></strong></span> <span class='ocrx_word' id='word_1_269' title='bbox 1222 4206 1225 4275; x_wconf 74' lang='lat' dir='ltr'>l</span> 
     </span>
     <span class='ocr_line' id='line_1_32' title="bbox 83 4279 1174 4353; baseline 0.002 -19"><span class='ocrx_word' id='word_1_270' title='bbox 83 4283 155 4337; x_wconf 81' lang='grc' dir='ltr'><strong><em>αότῶ</em></strong></span> <span class='ocrx_word' id='word_1_271' title='bbox 173 4284 202 4337; x_wconf 86' lang='grc' dir='ltr'><strong><em>Β</em></strong></span> <span class='ocrx_word' id='word_1_272' title='bbox 284 4288 317 4336; x_wconf 88' lang='grc'><strong><em>13</em></strong></span> <span class='ocrx_word' id='word_1_273' title='bbox 336 4283 432 4353; x_wconf 77' lang='grc' dir='ltr'><strong><em>λαβεῖν</em></strong></span> <span class='ocrx_word' id='word_1_274' title='bbox 451 4298 505 4336; x_wconf 90' lang='lat' dir='ltr'><strong><em>om.</em></strong></span> <span class='ocrx_word' id='word_1_275' title='bbox 525 4283 555 4335; x_wconf 86' lang='lat' dir='ltr'><em>E</em></span> <span class='ocrx_word' id='word_1_276' title='bbox 636 4289 668 4336; x_wconf 87' lang='grc'><strong><em>16</em></strong></span> <span class='ocrx_word' id='word_1_277' title='bbox 688 4284 780 4337; x_wconf 75' lang='grc' dir='ltr'><strong><em>αὐτῶν</em></strong></span> <span class='ocrx_word' id='word_1_278' title='bbox 799 4283 827 4335; x_wconf 90' lang='grc' dir='ltr'>Β</span> <span class='ocrx_word' id='word_1_279' title='bbox 909 4286 941 4333; x_wconf 82' lang='grc'>17</span> <span class='ocrx_word' id='word_1_280' title='bbox 962 4280 976 4334; x_wconf 87' lang='grc' dir='ltr'><strong><em>δ</em></strong></span> <span class='ocrx_word' id='word_1_281' title='bbox 996 4279 1127 4349; x_wconf 83' lang='grc' dir='ltr'><strong><em>μενέλαος</em></strong></span> <span class='ocrx_word' id='word_1_282' title='bbox 1146 4285 1174 4336; x_wconf 87' lang='grc' dir='ltr'><em>Β</em></span> 
     </span>
     <span class='ocr_line' id='line_1_33' title="bbox 84 4359 973 4434; baseline 0 -20"><span class='ocrx_word' id='word_1_283' title='bbox 84 4367 116 4414; x_wconf 83' lang='grc'>19</span> <span class='ocrx_word' id='word_1_284' title='bbox 134 4362 296 4434; x_wconf 77' lang='grc' dir='ltr'><strong><em>ἐπεβάλλετο</em></strong></span> <span class='ocrx_word' id='word_1_285' title='bbox 316 4365 352 4431; x_wconf 85' lang='grc' dir='ltr'><strong><em>Α,</em></strong></span> <span class='ocrx_word' id='word_1_286' title='bbox 371 4361 487 4434; x_wconf 78' lang='grc' dir='ltr'><strong><em>ἐπέβαλε</em></strong></span> <span class='ocrx_word' id='word_1_287' title='bbox 506 4363 542 4429; x_wconf 86' lang='grc' dir='ltr'><strong><em>Β,</em></strong></span> <span class='ocrx_word' id='word_1_288' title='bbox 561 4362 712 4434; x_wconf 83' lang='grc' dir='ltr'><strong><em>ύπεβάλετο</em></strong></span> <span class='ocrx_word' id='word_1_289' title='bbox 732 4364 769 4431; x_wconf 84' lang='grc' dir='ltr'><strong><em>Ε,</em></strong></span> <span class='ocrx_word' id='word_1_290' title='bbox 788 4359 936 4433; x_wconf 79' lang='grc' dir='ltr'><strong><em>ἐπεβάλετο</em></strong></span> <span class='ocrx_word' id='word_1_291' title='bbox 955 4379 973 4414; x_wconf 88' lang='grc' dir='ltr'><strong><em>α</em></strong></span> 
     </span>
    </p>

    <p class='ocr_par' dir='ltr' id='par_1_6' title="bbox 979 4449 1013 4501">
     <span class='ocr_line' id='line_1_34' title="bbox 979 4449 1013 4501; baseline 0 -24"><span class='ocrx_word' id='word_1_292' title='bbox 979 4449 1013 4501; x_wconf 68' lang='lat' dir='ltr'><strong><em>lt</em></strong></span> 
     </span>
    </p>
   </div>
   <div class='ocr_carea' id='block_1_4' title="bbox 0 0 1513 4942">
    <p class='ocr_par' dir='ltr' id='par_1_7' title="bbox 0 0 1513 4942">
     <span class='ocr_line' id='line_1_35' title="bbox 0 0 1513 4942; baseline 0 0"><span class='ocrx_word' id='word_1_293' title='bbox 0 0 1513 4942; x_wconf 95' lang='lat' dir='ltr'><strong><em> </em></strong></span> 
     </span>
    </p>
   </div>
  </div>
 </body>
</html>
