3044 4942
225 235 247 296 4

224 400 338 484 τροφῷ
368 396 558 482 ἐπέπληξεν,
587 399 692 481 αὐτὴν
721 395 758 464 δέ
786 398 958 484 ἀνήρτησε.
1004 394 1082 464 καθ’
1107 399 1148 465 ὃν
1170 403 1288 485 καιρὸν
1311 425 1372 484 φα-

224 502 292 582 νείς
326 504 454 589 Θησεύς
491 504 546 572 καὶ
582 511 739 573 καθελεῖν
777 508 931 573 σπεύδων
967 508 1029 591 τὴν
1066 506 1369 594 ἀπηγχονισμένην,

224 607 322 697 εὗρεν
346 613 429 699 αὐτῇ
452 614 728 700 προσηρτημένην
748 613 876 697 δέλτον,
900 610 944 680 δι’
962 610 1001 698 ἧς
1013 610 1213 681 Ἱππολύτου
1233 616 1371 700 φθοράν

171 735 205 783 νο
224 723 399 804 κατηγόρει
426 719 497 786 κατ’
519 720 709 806 ἐπιβουλήν.
762 722 941 798 πιστεύσας
969 718 1006 787 δέ
1033 733 1103 799 τοῖς
1130 722 1371 807 γεγραμμένοις

223 828 283 893 τὸν
305 825 366 912 μέν
384 823 582 895 Ἱππόλυτον
606 828 738 909 ἐπέταξε
761 831 910 915 φεύγειν,
933 829 1033 906 αὐτὸς
1057 824 1093 894 δὲ
1116 831 1161 918 τῷ
1178 831 1370 895 Ποσειδῶνι

224 933 307 1017 ἀράς
330 938 439 1020 ἔθετο,
464 931 511 1002 ὧν
533 937 720 1014 ἐπακούσας
744 935 861 1014 όθεὸς
878 937 938 1002 τὸν
951 931 1148 1002 Ἱππόλυτον
1167 936 1371 1021 διέφθειρεν.

221 1041 367 1128 ’Ἄρτεμις
400 1039 437 1109 δὲ
463 1054 532 1109 τῶν
560 1043 790 1128 γεγενημένων
818 1043 958 1109 ἕκαστον
991 1044 1225 1128 διασαφήσασα
1256 1050 1370 1129 Θησεῖ,
1416 1056 1420 1062 ’

222 1151 284 1234 ττΙν
307 1148 369 1235 μέν
396 1152 548 1235 Φαίδραν
572 1151 613 1216 ού
635 1148 881 1237 κατεμέμψατο,
903 1159 1025 1217 τοῦτον
1049 1146 1086 1216 δὲ
1109 1156 1369 1237 παρεμυθήσατο

169 1271 203 1319 25
222 1258 301 1323 νίοῦ
327 1256 383 1324 καὶ
410 1259 568 1342 γυναικὸς
597 1257 818 1342 στερηθέντα·
850 1267 896 1347 τῷ
925 1254 963 1324 δὲ
980 1256 1164 1347 Ἱππολύτῳ
1187 1260 1283 1344 τιμὰς
1306 1261 1369 1345 ἔφη

221 1374 283 1450 γῆς
305 1366 616 1452 έγκαταστήσεσθαι.

310 1472 331 1557 ἡ
350 1475 455 1558 σκηνὴ
478 1483 540 1539 τοῦ
563 1474 730 1559 δράματος
747 1473 918 1539 ὑπόκειται
943 1472 980 1538 ἐν
1004 1477 1166 1558 Τροιζῆνι.
1204 1473 1368 1559 ἐδιδάχθη

221 1579 275 1647 ἐπὶ
304 1579 539 1666 Ἐπαμείνονος
572 1583 733 1668 όίρχοντος
765 1580 946 1665 ὀλυμπιάδι
978 1578 1037 1660 κζ’
1060 1583 1124 1647 ἔτει
1149 1579 1193 1647 δ’.
1239 1592 1370 1668 πρῶτος

222 1689 422 1773 Εὐριπίδης,
447 1691 601 1773 δεύτερος
621 1684 752 1774 Ἰοφῶν,
775 1691 884 1773 τρίτος
898 1687 986 1754 Ἴων.
1032 1691 1102 1754 ἐστι
1126 1684 1163 1754 δὲ
1187 1683 1285 1766 ούτος
1303 1684 1370 1754 Ἱπ-

168 1807 203 1855 30
222 1799 364 1875 πόλυτος
387 1798 542 1881 δεύτερος
564 1797 583 1864 ό
606 1794 661 1862 καὶ
685 1799 864 1880 στεφανίας
881 1798 1221 1881 προσαγορευόμενος.
1252 1796 1369 1882 ἐμφαί·

220 1926 313 1969 νεται
341 1901 379 1969 δέ
401 1904 539 1988 ύστερος
561 1901 806 1988 γεγραμμένος·
836 1904 874 1969 τὸ
898 1904 961 1987 γὰρ
986 1899 1128 1987 ἀπρεπὲς
1151 1900 1206 1968 καὶ
1228 1928 1368 1988 κακηγο-

221 2014 295 2094 ρίας
321 2010 415 2090 άξιον
444 2011 481 2077 έν
508 2011 614 2100 τούτῳ
644 2011 834 2095 διάρθωται
863 2018 909 2097 τῷ
939 2010 1089 2095 δράματι.
1135 2012 1173 2077 τὸ
1197 2008 1235 2077 δέ
1258 2013 1369 2097 δρᾶμα

219 2130 287 2184 τῶν
309 2120 460 2204 πρώτων.

310 2321 343 2369 17
367 2314 456 2384 αὐτὴν
478 2316 547 2367 mut.
571 2312 601 2365 in
620 2311 709 2381 αὑτὴν
726 2311 769 2381 Ε,
797 2311 886 2382 αὐτὴν
905 2312 1002 2380 AaB,
1031 2310 1134 2381 ἑαυτὴν
1157 2313 1191 2368 Ν
1194 2312 1248 2367 GP
1280 2317 1284 2382 Ι
1317 2314 1368 2369 άν-

219 2396 288 2466 ήρτη
308 2398 336 2451 Β
423 2400 456 2449 18
475 2394 615 2466 σπεύδων]
633 2390 727 2447 θέλων
745 2393 810 2447 ΝΡ
899 2399 932 2446 19
951 2389 1059 2464 δέλτον]
1079 2391 1176 2464 βίβλον
1195 2411 1214 2447 ο
1247 2396 1251 2463 Ι
1286 2390 1367 2463 εὗρεν

220 2476 251 2532 ἐν
277 2484 311 2546 τῆ
338 2477 410 2548 χειρί
437 2476 524 2545 αὐτῆς
551 2472 656 2546 χάρτην
684 2471 725 2527 δι’
741 2470 774 2528 δν
802 2472 825 2527 O
933 2479 967 2527 20
985 2471 1063 2545 κατ’]
1082 2473 1284 2543 Wilamowitz‚
1318 2476 1367 2530 acet

221 2556 288 2611 libri
306 2559 365 2627 (καί
384 2556 535 2629 ἐπιβουλὴν
553 2556 651 2624 onad)
724 2559 758 2607 22
777 2553 978 2617 ύπακούσαςθ
1048 2560 1082 2608 23
1101 2554 1366 2628 γεγεννημένωνΑΙ

220 2636 337 2694 ἕκαστον
356 2638 475 2707 ΛαθΡ,
494 2635 597 2691 ἕκαστα
615 2636 678 2691 ΕΒ
695 2638 699 2705 Ι
715 2634 894 2704 διασαφήσας
912 2635 939 2691 A
955 2637 960 2706 Ι
975 2639 1014 2708 τῷ
1032 2639 1119 2705 θησεί
1136 2635 1285 2705 ΟΙθεισεῑ
1303 2637 1335 2691 Ε

220 2725 255 2772 24
274 2720 308 2774 οό
326 2717 523 2788 κατεμέμψατο
541 2719 572 2773 E
578 2716 606 2786 0,
626 2718 678 2771 ota
697 2715 840 2786 ἐμέμψατο
854 2717 894 2784 N,
913 2717 964 2770 οόκ
982 2714 1166 2786 άπεμέμψατο
1184 2715 1278 2786 priore
1296 2737 1315 2786 μ
1334 2733 1367 2772 cx

219 2818 241 2854 π
259 2802 384 2855 conecto
403 2818 435 2869 ο,
468 2799 520 2854 ούιι
538 2794 724 2867 ἀπεπέμψατο
745 2797 839 2853 ABP
945 2802 979 2850 26
998 2797 1059 2868 γῆς]
1079 2795 1244 2868 ἐπιχωρίους
1261 2797 1305 2865 Ν,
1331 2806 1367 2869 γῇ

219 2879 396 2935 Valckenssr
412 2882 416 2951 Ι
433 2877 700 2950 ἐγκατασττΙσεοθαι]
720 2876 829 2945 Nauck,
849 2873 1112 2948 ἐγκαταστήσασθαι
1130 2876 1205 2932 libri.
1230 2878 1307 2932 Haec
1322 2894 1367 2932 ox-

220 2960 290 3031 oipit
303 2978 486 3032 personarum
501 2959 585 3014 indcx
601 2958 688 3014 ctiam
702 2958 733 3012 in
748 2957 789 3012 eis
803 2957 884 3012 libris
903 2957 953 3027 qui
971 2957 989 3012 1.
1005 2963 1110 3012 27-33
1129 2977 1186 3014 non
1204 2958 1367 3015 omiserunt.

221 3041 383 3098 Omiserunt
406 3044 503 3096 autom
528 3040 556 3095 P
577 3042 606 3094 ot
629 3038 721 3109 spatio
746 3055 833 3094 vacuo
852 3037 926 3093 inter
944 3036 1206 3107 ἐγκαταττήσασθαι
1225 3042 1254 3094 et
1272 3057 1367 3110 perso·

219 3139 320 3179 narum
347 3121 471 3177 indicem
493 3120 593 3176 relicto
623 3121 659 3189 0,
677 3118 727 3190 qui
745 3121 841 3174 tamen
863 3118 935 3174 liber
954 3136 1137 3189 personarum
1155 3120 1242 3174 indici
1262 3121 1367 3176 subicit

218 3204 304 3260 verba
328 3203 346 3274 ν]
370 3203 458 3274 σκηνὴ
482 3210 532 3257 τοῦ
555 3201 698 3271 δράματος
721 3200 752 3256 ἐν
773 3199 881 3272 θτΙβαις
905 3209 1008 3280 κεῖται,
1035 3200 1066 3255 in
1084 3218 1173 3271 marg.
1193 3201 1259 3256 add.
1278 3221 1297 3256 a

219 3291 252 3339 2⁷
273 3282 493 3355 „Aristophanis
514 3284 710 3353 argumentum
730 3280 824 3351 capito
843 3285 996 3336 truncum“
1014 3281 1163 3337 Kirchhoff
1189 3283 1193 3353 Ι
1226 3283 1367 3356 Τροιζῆνι]

218 3365 262 3421 ed.
281 3364 494 3432 Bruhaohiana‚
522 3362 629 3434 θήβαις
651 3361 718 3416 libri
737 3360 893 3433 (incaestus
911 3361 943 3417 ἐν
961 3362 1068 3434 θήβαις
1086 3363 1185 3433 ΕαΒ,
1213 3362 1244 3418 ἐν
1262 3365 1368 3434 θήβαις

218 3455 308 3501 κεῖται
327 3446 405 3516 ΑΝ)
514 3450 548 3499 28
572 3443 619 3498 ἐπὶ
638 3441 854 3516 Ἐπαμείνονος]
878 3443 1019 3498 Matthiae
1041 3445 1107 3513 post
1129 3442 1296 3498 Baruesium
1318 3442 1368 3514 qui

215 3524 421 3596 Ἐπαμείνονος
438 3528 637 3597 proposuerat,
665 3523 856 3593 ἐπιαμτΙνονος
874 3527 998 3579 correcto
1017 3545 1034 3595 η
1054 3540 1088 3578 ex
1107 3543 1131 3578 ει
1150 3526 1183 3578 ut
1201 3523 1312 3579 videtur
1331 3525 1368 3594 A,

218 3607 263 3662 ἐπὶ
283 3604 432 3676 ἀμείνονος
450 3609 501 3662 Βιι
509 3607 552 3675 Ν,
576 3605 622 3660 ἐπὶ
641 3604 797 3675 άμείνῶνος
815 3606 864 3677 ΕΙ
885 3604 1057 3674 ὀλυμπιάδος
1076 3605 1104 3659 Β
1121 3608 1125 3675 Ι
1141 3605 1193 3670 πζ’
1213 3623 1244 3673 ιι,
1263 3604 1310 3660 ἐπὶ
1328 3608 1370 3671 πζ

219 3689 289 3755 ΑΒ,
308 3687 353 3742 ἐπὶ
373 3692 411 3753 νζ
427 3689 464 3756 Β,
483 3689 537 3759 γὰρ
556 3690 597 3753 πζ
614 3687 648 3742 N
660 3690 664 3757 Ι
681 3685 725 3758 δ’]
744 3684 865 3754 τετάρτω
884 3687 915 3741 Β
985 3692 1019 3740 29
1038 3686 1086 3739 soti
1106 3686 1236 3754 δεύτερος
1252 3688 1280 3742 Β
1301 3688 1306 3758 Ι
1327 3684 1368 3741 ἰό-

219 3789 281 3838 φων
300 3768 395 3823 ΑΕΒ
424 3765 514 3837 λόφύιν
533 3786 552 3821 a
577 3770 581 3836 Ι
606 3769 655 3822 καλ
673 3765 765 3837 τρίτος
783 3768 817 3822 Ν
836 3769 840 3836 Ι
866 3761 948 3830 οὗτος
967 3765 982 3821 ό
1001 3784 1020 3820 a
1078 3771 1126 3820 ‘30
1146 3766 1161 3821 ὁ
1180 3767 1240 3839 καλ]
1259 3766 1368 3836 Nauck,

218 3850 266 3904 sui
284 3848 351 3902 libri
411 3854 444 3902 31
464 3845 633 3919 κατηγορίας
650 3849 670 3902 ό
688 3846 728 3918 (in
746 3861 835 3919 marg.
854 3846 884 3901 in
903 3864 959 3916 quo
979 3846 1133 3901 scholiasta
1151 3846 1242 3902 lineas
1261 3853 1367 3901 27-33

217 3929 352 4000 repetivit
369 3927 552 4000 κακηγορίας)

686 4116 900 4124 ..—-—.—--
