3052 4934
730 289 934 341 ΕΥΡΙΠΙΔΟΥ

394 446 467 515 ἐσθ’
491 451 580 526 ὅστις
602 450 714 515 αὐτῶν
737 443 817 535 αἷμα
839 460 881 536 γῆ
906 453 1097 535 δωρήσεται.

392 553 413 640 ῆ
436 554 529 623 τοῦδ’
551 557 689 623 ἐπαίνου
712 559 750 623 τὸ
774 556 949 642 στράτευμ’
970 557 1114 636 ἐπάξιον.

392 674 491 748 σιγᾶν
514 667 652 749 ἄμεινον
674 662 816 752 τᾴσχρά,
839 663 923 750 μηδὲ
946 666 1055 750 μοῦσά
1078 688 1135 749 μοι

393 770 514 855 γένοιτ’
538 773 652 850 άοιδὸς
674 773 745 856 ἥτις
767 773 907 858 ὑμνήσει
930 773 1022 839 κακά.
1074 819 1080 834 .
1362 790 1417 837 385

398 884 507 963 Τρῶες
531 878 568 946 δὲ
591 892 724 966 πρῶτον
747 880 823 965 μέν,
846 882 883 946 τὸ
907 882 1085 947 κάλλιστον
1107 878 1218 963 κλέος,

391 985 475 1074 ὑπὲρ
498 988 624 1073 πάτρας
647 992 829 1074 ἔθνῃσκον·
854 988 912 1066 οὓς
936 987 965 1053 δ’
990 988 1059 1054 ἕλοι
1083 990 1183 1074 δόρυ,

389 1098 507 1179 νεκροί
526 1090 558 1178 γ’
581 1095 614 1173 ές
637 1103 750 1173 οίκους
773 1099 956 1182 φερόμενοι
980 1100 1089 1180 φίλων
1112 1096 1177 1160 ὕπο

391 1201 427 1267 ἐν
451 1212 493 1287 γῆ
516 1191 653 1292 πατρῴᾳ
676 1205 854 1287 περιβολὰς
877 1198 969 1287 εἶχον
992 1205 1132 1289 χθονός,

391 1309 505 1395 χερσίν
527 1309 777 1395 περισταλέντες
801 1305 848 1376 ὧν
872 1311 971 1394 ἐχρῆν
994 1311 1074 1376 ὕπο·

393 1417 466 1483 ὅσοι
490 1416 526 1482 δὲ
549 1421 594 1502 μὴ
617 1419 759 1483 θάνοιεν
784 1417 820 1483 ἐν
844 1419 929 1505 μάχῃ
957 1424 1117 1500 Φρυγῶν,

389 1523 440 1589 ἀεὶ
463 1523 532 1591 κατ’
555 1521 644 1612 ῆμαρ
667 1529 732 1590 σὺν
757 1526 897 1612 δάμαρτι
920 1524 975 1590 καί
998 1525 1126 1601 τέκνοις

391 1630 518 1720 ᾤκουν,
539 1629 680 1718 Ἀχαιοῖς
704 1628 752 1699 ὧν
775 1633 906 1717 ἀπῆσαν
928 1633 1058 1717 ἡδοναί.

393 1741 432 1804 τὰ
456 1738 485 1805 δ’
505 1738 663 1827 Ἕκτορός
686 1757 740 1806 σοι
764 1735 862 1825 λύπρ’
884 1742 1031 1807 άκουσον
1053 1741 1098 1816 ὡς
1122 1741 1201 1824 ἔχει·

390 1846 488 1925 δόξας
511 1847 595 1932 ἀνὴρ
620 1849 753 1933 άριστος
777 1853 899 1932 οἴχεται
922 1849 1060 1930 θανών,

389 1953 444 2019 καὶ
467 1951 557 2020 τοῦτ’
580 1952 721 2040 Ἀχαιῶν
743 1954 805 2033 ἵξις
829 1955 1044 2041 έξεργάζεται’

389 2065 421 2128 εί
443 2060 471 2127 δ’
495 2059 581 2146 ἦσαν
605 2069 708 2147 οίκοι,
730 2064 871 2149 χρηστὸς
895 2064 942 2127 ὢν
966 2063 1162 2128 ἐλάνθανεν.

390 2171 498 2255 Πάρις
522 2167 551 2234 δ’
576 2174 673 2256 ἔγημε
697 2172 758 2254 τὴν
781 2173 877 2247 Διός·
902 2175 1007 2255 γῆμας
1031 2167 1067 2235 δὲ
1091 2174 1153 2254 μή,

388 2278 575 2362 σιγώμενον
597 2280 634 2344 τὸ
657 2280 758 2362 κῆδος
781 2273 868 2361 εἶχεν
893 2277 929 2342 ἐν
954 2280 1076 2362 δόμοις.

388 2386 526 2470 φεύγειν
549 2381 610 2469 μὲν
634 2380 696 2450 οὖν
718 2387 781 2470 χρὴ
804 2388 951 2469 πόλεμον
974 2385 1064 2462 ὅστις
1087 2379 1125 2449 εὖ
1147 2397 1279 2470 φρονεῖ·
1351 2404 1404 2450 499

388 2495 420 2558 εί
441 2490 471 2557 δ’
495 2493 528 2570 ἐς
551 2490 620 2557 τόδ’
644 2495 754 2574 ἔλθοι,
779 2491 942 2576 στέφανος
966 2493 1027 2558 οὐκ
1050 2492 1186 2578 αἰσχρὸς
1208 2494 1304 2557 πόλει

388 2605 496 2677 καλῶς
519 2598 675 2685 ὀλέσθαι,
698 2600 741 2683 μὴ
765 2605 873 2676 καλῶς
897 2596 933 2663 δὲ
958 2599 1120 2676 δυσκλεές.

388 2703 437 2772 ὧν
459 2703 558 2772 εἵνεκ’
581 2707 622 2772 οὐ
645 2710 722 2792 χρῆ,
746 2717 863 2793 μῆτερ,
887 2708 1062 2791 οἰκτείρειν
1085 2725 1121 2772 σε
1146 2716 1224 2790 γῆν,

392 2813 433 2878 οὐ
456 2813 541 2897 τάμά
565 2813 696 2899 λέκτρα·
719 2816 799 2890 τοὺς
821 2816 884 2900 γάρ
909 2813 1084 2898 ἐχθίστους
1107 2811 1180 2897 ἐμοὶ

389 2919 444 2986 καὶ
468 2919 521 2986 σοὶ
544 2922 679 3006 γάμοισι
702 2931 772 2998 τοῖς
794 2921 884 3004 ἐμοῖς
907 2924 1091 3008 διαφθερῶ.
1351 2940 1406 2986 405

274 3033 341 3092 XO.
386 3029 430 3105 ὡς
452 3027 558 3112 ἡδέως
581 3040 732 3095 κακοῖσιν
756 3030 891 3106 οἰκείοις
914 3035 1012 3116 γελᾷς

387 3136 521 3220 μέλπεις
544 3131 581 3201 θ’
604 3137 623 3201 ἃ
647 3134 805 3222 μέλπουσ’
829 3136 870 3201 οὐ
894 3146 983 3220 σαφῆ
1007 3138 1124 3215 δείξεις
1147 3142 1237 3213 ίσως.

344 3402 395 3449 389
415 3396 507 3467 αὐτῶν
532 3395 569 3463 Ρ,
598 3396 693 3457 αὐτοῖς
719 3395 741 3446 0
770 3394 774 3463 ί
804 3388 886 3463 αίμα]
913 3393 976 3447 sort.
1000 3390 1102 3460 λουτρά
1193 3398 1245 3445 383
1270 3388 1287 3462 ἦ
1311 3391 1404 3464 τοῦδ’]

252 3475 358 3532 τοιοῦθ’
381 3477 434 3546 (vel
459 3477 506 3530 καί
529 3474 621 3545 τοῦδ’)
646 3476 754 3529 Dobree
784 3515 787 3520 ,
846 3480 897 3527 384
917 3482 998 3543 σιγᾶν
1022 3471 1050 3526 δ’
1072 3473 1181 3527 Dobree
1274 3480 1325 3526 387
1349 3473 1404 3528 ε’λοι

253 3555 323 3625 δόρυ
342 3560 376 3624 Ρ,
396 3556 466 3626 άρῆς
484 3554 540 3609 έλοι
562 3557 584 3611 O
657 3561 708 3611 388
728 3552 754 3623 γ’
775 3556 805 3621 0,
825 3552 852 3607 δ’
871 3557 920 3623 P!
944 3571 1054 3606 versum
1073 3552 1149 3606 delet
1168 3553 1279 3607 Dobree
1353 3560 1405 3607 399

253 3639 328 3707 χερσί
350 3640 373 3690 0
467 3641 518 3689 393
542 3638 653 3705 ἀπῆσαν
678 3638 705 3688 Ρ
735 3635 847 3704 ὑπῆσαν
866 3652 889 3703 p
979 3639 1030 3687 395
1054 3631 1150 3705 δόξας]
1175 3635 1278 3701 φανείς
1303 3634 1403 3688 Christ.

253 3721 310 3786 pat.
332 3723 399 3770 1956
483 3722 533 3769 399
553 3715 628 3770 τοῦτ’
651 3719 685 3784 Ρ,
708 3713 786 3769 ταῦτ’
812 3716 882 3770 Oet
901 3713 1000 3768 Christ.
1020 3717 1078 3784 pat.
1099 3720 1167 3767 1992
1193 3717 1197 3782 Ι
1223 3713 1277 3778 ι’ξις
1297 3717 1332 3781 (1¹,
1351 3715 1404 3780 ι”ξις

253 3799 318 3851 ΒΝ
323 3801 360 3863 Ρ,
389 3793 448 3862 ῆξις
471 3798 533 3851 άντί
557 3806 607 3852 τοῦ
631 3797 733 3865 ἄφιξις.
772 3792 930 3864 Εὐριπίδης
955 3794 1080 3867 Τρῳάσιν
1100 3794 1187 3848 Bekk.
1207 3794 1313 3849 Anecd.
1335 3796 1404 3860 199,

252 3876 390 3947 γράφεται
414 3878 461 3930 καί
485 3876 601 3946 ἡ’ρξις,
629 3875 667 3932 ἵν’
690 3871 707 3949 ᾖ
732 3877 749 3945 ἡ
770 3876 842 3944 έρξις
860 3877 907 3929 καί
927 3876 944 3944 ἡ
964 3877 1064 3944 πρᾶξις
1083 3874 1182 3942 εοίιολ,
1212 3874 1261 3929 cfr.
1282 3877 1402 3944 Hesych.

253 3955 317 4022 ίξις
346 3955 500 4026 παρουσία,
525 3958 621 4027 ἄφιξις
711 3963 761 4010 997
782 3954 822 4011 ὢν
846 3955 1004 4010 ἐλάνθανεν
1023 3959 1050 4010 Ρ
1072 3959 1101 4009 et
1120 3954 1221 4009 Christ.
1246 3959 1304 4024 pat.
1328 3964 1404 4021 1998,

254 4038 356 4091 ἔλαθεν
375 4035 412 4091 διν
431 4037 516 4107 γεγώς
537 4038 559 4091 0
644 4044 696 4091 398
715 4036 742 4090 δ’
765 4040 799 4105 Ρ,
818 4035 843 4090 τ’
869 4038 891 4092 O
977 4044 1028 4090 399
1047 4039 1133 4105 κῆδος
1153 4037 1213 4104 GP,
1237 4040 1324 4111 κῆδος
1343 4039 1406 4092 ΒΝ

253 4121 282 4171 et
301 4117 401 4171 Christ.
421 4120 478 4185 pat.
502 4124 568 4170 1999
590 4119 594 4187 ί
615 4114 689 4188 εἶχεν
708 4121 736 4172 Ρ
753 4122 782 4171 ολ
801 4117 901 4172 Christ.
921 4121 992 4186 pat„
1014 4113 1089 4171 εἶδεν
1110 4120 1133 4171 0
1205 4123 1258 4170 499
1278 4115 1332 4194 οὖν
1350 4137 1402 4172 0111.

254 4199 319 4250 BN
406 4203 456 4250 491
482 4197 510 4259 ἐς
537 4197 583 4249 hic
606 4200 693 4252 ΒΟΡ
720 4200 724 4269 Ι
754 4198 817 4252 fort.
846 4195 984 4265 στέφανος
1006 4195 1160 4251 ἀπολέσθαι
1187 4202 1294 4266 καλῶς,
1325 4217 1403 4254 versu

257 4277 383 4348 proximo
404 4277 497 4331 deleto
562 4281 565 4286 ’
588 4285 639 4331 492
659 4278 808 4349 ὀρέγεσθαι
828 4281 861 4332 Ν
882 4280 886 4349 ί
912 4277 1040 4340 δυσκλεές
1059 4281 1093 4344 Ρ,
1116 4279 1251 4346 δυσκλεής
1270 4281 1339 4345 BG,
1358 4284 1405 4334 δυ-

256 4359 370 4427 σκλαιῆς
389 4359 422 4412 Ν
505 4365 556 4412 493
577 4357 670 4413 οὕνεκ’
694 4360 734 4412 τε]
755 4356 848 4414 οὕνεκ’
871 4359 935 4411 libri
1021 4361 1073 4413 494
1093 4361 1126 4412 οὐ
1148 4364 1183 4426 0,
1203 4357 1219 4428 ἢ
1240 4363 1268 4415 Ρ
1354 4368 1418 4429 499,

253 4440 346 4512 γελᾷς]
365 4440 429 4493 fort.
449 4442 546 4513 χλιδᾷς
