<?xml version="1.0" encoding="UTF-8"?>
<!DOCTYPE html PUBLIC "-//W3C//DTD XHTML 1.0 Transitional//EN"
    "http://www.w3.org/TR/xhtml1/DTD/xhtml1-transitional.dtd">
<html xmlns="http://www.w3.org/1999/xhtml" xml:lang="en" lang="en">
 <head>
  <title>
</title>
<meta http-equiv="Content-Type" content="text/html;charset=utf-8" />
  <meta name='ocr-system' content='tesseract 3.04.00' />
  <meta name='ocr-capabilities' content='ocr_page ocr_carea ocr_par ocr_line ocrx_word'/>
</head>
<body>
  <div class='ocr_page' id='page_1' title='image "./euripidisfabula01eurigoog/euripidisfabula01eurigoog_0026.png"; bbox 0 0 3044 4942; ppageno 0'>
   <div class='ocr_carea' id='block_1_1' title="bbox 554 305 777 356">
    <p class='ocr_par' dir='ltr' id='par_1_1' title="bbox 554 305 777 356">
     <span class='ocr_line' id='line_1_1' title="bbox 554 305 777 356; baseline 0 -2"><span class='ocrx_word' id='word_1_1' title='bbox 554 305 777 356; x_wconf 76' lang='grc' dir='ltr'><strong>ΑΝΔΡΟΜΑΧΗ</strong></span> 
     </span>
    </p>
   </div>
   <div class='ocr_carea' id='block_1_2' title="bbox 153 465 1235 3444">
    <p class='ocr_par' dir='ltr' id='par_1_2' title="bbox 153 465 1235 3444">
     <span class='ocr_line' id='line_1_2' title="bbox 227 465 1032 549; baseline 0.002 -18"><span class='ocrx_word' id='word_1_2' title='bbox 227 468 357 531; x_wconf 82' lang='grc' dir='ltr'><strong><em>τίκτειν.</em></strong></span> <span class='ocrx_word' id='word_1_3' title='bbox 399 474 554 531; x_wconf 86' lang='grc' dir='ltr'><strong><em>τοιοῦτον</em></strong></span> <span class='ocrx_word' id='word_1_4' title='bbox 577 475 644 530; x_wconf 83' lang='grc' dir='ltr'><strong><em>πᾶν</em></strong></span> <span class='ocrx_word' id='word_1_5' title='bbox 667 467 704 530; x_wconf 87' lang='grc' dir='ltr'><strong><em>τὸ</em></strong></span> <span class='ocrx_word' id='word_1_6' title='bbox 728 467 899 549; x_wconf 79' lang='grc' dir='ltr'><strong><em>βάρβαρον</em></strong></span> <span class='ocrx_word' id='word_1_7' title='bbox 922 465 1032 549; x_wconf 82' lang='grc' dir='ltr'><strong><em>γένος·</em></strong></span> 
     </span>
     <span class='ocr_line' id='line_1_3' title="bbox 225 570 1015 659; baseline -0.003 -20"><span class='ocrx_word' id='word_1_8' title='bbox 225 578 331 659; x_wconf 82' lang='grc' dir='ltr'><strong><em>πατήρ</em></strong></span> <span class='ocrx_word' id='word_1_9' title='bbox 354 597 388 638; x_wconf 86' lang='grc' dir='ltr'><strong><em>τε</em></strong></span> <span class='ocrx_word' id='word_1_10' title='bbox 411 570 557 655; x_wconf 81' lang='grc' dir='ltr'><strong><em>θυγατρὶ</em></strong></span> <span class='ocrx_word' id='word_1_11' title='bbox 579 584 658 652; x_wconf 81' lang='grc' dir='ltr'><strong><em>παῖς</em></strong></span> <span class='ocrx_word' id='word_1_12' title='bbox 679 596 714 638; x_wconf 89' lang='grc' dir='ltr'><strong><em>τε</em></strong></span> <span class='ocrx_word' id='word_1_13' title='bbox 738 570 836 656; x_wconf 81' lang='grc' dir='ltr'><strong><em>μητρὶ</em></strong></span> <span class='ocrx_word' id='word_1_14' title='bbox 860 577 1015 656; x_wconf 90' lang='grc' dir='ltr'><strong><em>μίγνυται</em></strong></span> 
     </span>
     <span class='ocr_line' id='line_1_4' title="bbox 225 675 1235 768; baseline -0.003 -22"><span class='ocrx_word' id='word_1_15' title='bbox 225 683 306 766; x_wconf 89' lang='grc' dir='ltr'><strong><em>κόρη</em></strong></span> <span class='ocrx_word' id='word_1_16' title='bbox 330 675 358 745; x_wconf 88' lang='grc' dir='ltr'><strong><em>τ’</em></strong></span> <span class='ocrx_word' id='word_1_17' title='bbox 377 681 527 768; x_wconf 76' lang='grc' dir='ltr'><strong><em>ἀδελφῷ,</em></strong></span> <span class='ocrx_word' id='word_1_18' title='bbox 551 682 607 744; x_wconf 79' lang='grc' dir='ltr'><strong><em>διὰ</em></strong></span> <span class='ocrx_word' id='word_1_19' title='bbox 630 683 741 762; x_wconf 83' lang='grc' dir='ltr'><strong><em>φόνου</em></strong></span> <span class='ocrx_word' id='word_1_20' title='bbox 765 677 797 743; x_wconf 92' lang='grc' dir='ltr'><strong><em>δ’</em></strong></span> <span class='ocrx_word' id='word_1_21' title='bbox 814 681 850 744; x_wconf 88' lang='grc' dir='ltr'><strong><em>οί</em></strong></span> <span class='ocrx_word' id='word_1_22' title='bbox 870 684 1022 763; x_wconf 86' lang='grc' dir='ltr'><strong><em>φίλτατοι</em></strong></span> <span class='ocrx_word' id='word_1_23' title='bbox 1186 700 1235 748; x_wconf 74' lang='lat'><strong><em>175</em></strong></span> 
     </span>
     <span class='ocr_line' id='line_1_5' title="bbox 225 784 1001 872; baseline -0.001 -20"><span class='ocrx_word' id='word_1_24' title='bbox 225 797 387 872; x_wconf 81' lang='grc' dir='ltr'><strong><em>χωροῦσι,</em></strong></span> <span class='ocrx_word' id='word_1_25' title='bbox 411 786 466 853; x_wconf 81' lang='grc' dir='ltr'><strong><em>καλ</em></strong></span> <span class='ocrx_word' id='word_1_26' title='bbox 489 784 588 852; x_wconf 91' lang='grc' dir='ltr'><strong><em>τῶνδ’</em></strong></span> <span class='ocrx_word' id='word_1_27' title='bbox 607 785 708 852; x_wconf 72' lang='grc' dir='ltr'><strong><em>οὐδὲν</em></strong></span> <span class='ocrx_word' id='word_1_28' title='bbox 732 786 869 872; x_wconf 78' lang='grc' dir='ltr'><strong><em>ἐξείργει</em></strong></span> <span class='ocrx_word' id='word_1_29' title='bbox 892 791 1001 872; x_wconf 88' lang='grc' dir='ltr'><strong><em>νόμος.</em></strong></span> 
     </span>
     <span class='ocr_line' id='line_1_6' title="bbox 224 891 983 978; baseline 0 -20"><span class='ocrx_word' id='word_1_30' title='bbox 224 893 244 958; x_wconf 77' lang='grc' dir='ltr'><em>ἃ</em></span> <span class='ocrx_word' id='word_1_31' title='bbox 267 897 311 978; x_wconf 75' lang='grc' dir='ltr'><strong><em>μὴ</em></strong></span> <span class='ocrx_word' id='word_1_32' title='bbox 334 892 410 976; x_wconf 90' lang='grc' dir='ltr'><strong><em>παρ’</em></strong></span> <span class='ocrx_word' id='word_1_33' title='bbox 430 895 514 977; x_wconf 76' lang='grc' dir='ltr'><strong><em>ἡμᾶς</em></strong></span> <span class='ocrx_word' id='word_1_34' title='bbox 537 891 666 978; x_wconf 82' lang='grc' dir='ltr'><strong><em>ἔσφερ’·</em></strong></span> <span class='ocrx_word' id='word_1_35' title='bbox 691 891 857 976; x_wconf 72' lang='grc' dir='ltr'><strong><em>οὐδὲγὰρ</em></strong></span> <span class='ocrx_word' id='word_1_36' title='bbox 880 897 983 960; x_wconf 90' lang='grc' dir='ltr'><strong><em>καλὸν</em></strong></span> 
     </span>
     <span class='ocr_line' id='line_1_7' title="bbox 225 999 943 1087; baseline -0.003 -18"><span class='ocrx_word' id='word_1_37' title='bbox 225 1005 323 1069; x_wconf 81' lang='grc' dir='ltr'><strong><em>δυοῖν</em></strong></span> <span class='ocrx_word' id='word_1_38' title='bbox 346 1013 521 1086; x_wconf 79' lang='grc' dir='ltr'><em>γυναικοῖν</em></span> <span class='ocrx_word' id='word_1_39' title='bbox 546 999 641 1087; x_wconf 81' lang='grc' dir='ltr'><strong><em>ἄνδρ’</em></strong></span> <span class='ocrx_word' id='word_1_40' title='bbox 660 999 707 1066; x_wconf 80' lang='grc' dir='ltr'><strong><em>ἕν’</em></strong></span> <span class='ocrx_word' id='word_1_41' title='bbox 726 1001 822 1084; x_wconf 84' lang='grc' dir='ltr'><strong><em>ἡνίας</em></strong></span> <span class='ocrx_word' id='word_1_42' title='bbox 845 1004 943 1085; x_wconf 81' lang='grc' dir='ltr'><strong><em>ἐχειν,</em></strong></span> 
     </span>
     <span class='ocr_line' id='line_1_8' title="bbox 223 1107 967 1194; baseline 0 -20"><span class='ocrx_word' id='word_1_43' title='bbox 223 1107 295 1175; x_wconf 80' lang='grc' dir='ltr'><strong><em>ἀλλ’</em></strong></span> <span class='ocrx_word' id='word_1_44' title='bbox 313 1110 346 1187; x_wconf 92' lang='grc' dir='ltr'><strong><em>ἐς</em></strong></span> <span class='ocrx_word' id='word_1_45' title='bbox 368 1114 448 1194; x_wconf 93' lang='grc' dir='ltr'><strong><em>μίαν</em></strong></span> <span class='ocrx_word' id='word_1_46' title='bbox 471 1108 648 1193; x_wconf 75' lang='grc' dir='ltr'><strong><em>βλέποντες</em></strong></span> <span class='ocrx_word' id='word_1_47' title='bbox 672 1109 809 1173; x_wconf 87' lang='grc' dir='ltr'><strong><em>εὐναίαν</em></strong></span> <span class='ocrx_word' id='word_1_48' title='bbox 834 1110 967 1192; x_wconf 80' lang='grc' dir='ltr'><strong><em>Κύπριν</em></strong></span> 
     </span>
     <span class='ocr_line' id='line_1_9' title="bbox 224 1215 1234 1302; baseline -0.003 -20"><span class='ocrx_word' id='word_1_49' title='bbox 224 1215 434 1302; x_wconf 79' lang='grc' dir='ltr'><strong><em>στέργουσιν,</em></strong></span> <span class='ocrx_word' id='word_1_50' title='bbox 457 1217 547 1294; x_wconf 82' lang='grc' dir='ltr'><strong><em>ὅστις</em></strong></span> <span class='ocrx_word' id='word_1_51' title='bbox 569 1219 613 1300; x_wconf 82' lang='grc' dir='ltr'><strong><em>μὴ</em></strong></span> <span class='ocrx_word' id='word_1_52' title='bbox 637 1227 744 1292; x_wconf 90' lang='grc' dir='ltr'><strong><em>κακῶς</em></strong></span> <span class='ocrx_word' id='word_1_53' title='bbox 767 1217 872 1281; x_wconf 73' lang='grc' dir='ltr'><strong><em>οίκεῑν</em></strong></span> <span class='ocrx_word' id='word_1_54' title='bbox 894 1217 996 1282; x_wconf 84' lang='grc' dir='ltr'><strong><em>θέλει.</em></strong></span> <span class='ocrx_word' id='word_1_55' title='bbox 1183 1235 1234 1282; x_wconf 80' lang='lat'><strong><em>180</em></strong></span> 
     </span>
     <span class='ocr_line' id='line_1_10' title="bbox 153 1322 904 1408; baseline 0 -20"><span class='ocrx_word' id='word_1_56' title='bbox 153 1373 161 1388; x_wconf 90' lang='lat'><strong>.</strong></span> <span class='ocrx_word' id='word_1_57' title='bbox 221 1322 411 1407; x_wconf 88' lang='grc' dir='ltr'><strong><em>ἐπίφθονόν</em></strong></span> <span class='ocrx_word' id='word_1_58' title='bbox 434 1347 465 1388; x_wconf 86' lang='grc' dir='ltr'><strong><em>τι</em></strong></span> <span class='ocrx_word' id='word_1_59' title='bbox 489 1333 596 1408; x_wconf 77' lang='grc' dir='ltr'><strong><em>χρῆμα</em></strong></span> <span class='ocrx_word' id='word_1_60' title='bbox 618 1326 758 1405; x_wconf 86' lang='grc' dir='ltr'><strong><em>θηλείας</em></strong></span> <span class='ocrx_word' id='word_1_61' title='bbox 780 1325 904 1408; x_wconf 87' lang='grc' dir='ltr'><strong><em>φρενὸς</em></strong></span> 
     </span>
     <span class='ocr_line' id='line_1_11' title="bbox 225 1427 916 1515; baseline -0.003 -19"><span class='ocrx_word' id='word_1_62' title='bbox 225 1428 280 1496; x_wconf 85' lang='grc' dir='ltr'><strong><em>καλ</em></strong></span> <span class='ocrx_word' id='word_1_63' title='bbox 302 1431 500 1515; x_wconf 83' lang='grc' dir='ltr'><strong><em>ξυγγάμοισι</em></strong></span> <span class='ocrx_word' id='word_1_64' title='bbox 524 1427 684 1515; x_wconf 69' lang='grc' dir='ltr'><strong><em>δυσμενὲς</em></strong></span> <span class='ocrx_word' id='word_1_65' title='bbox 706 1427 839 1514; x_wconf 78' lang='grc' dir='ltr'><strong><em>μάλιστ’</em></strong></span> <span class='ocrx_word' id='word_1_66' title='bbox 857 1429 916 1495; x_wconf 85' lang='grc' dir='ltr'><strong><em>αἰεί.</em></strong></span> 
     </span>
     <span class='ocr_line' id='line_1_12' title="bbox 159 1546 391 1621; baseline 0.013 -22"><span class='ocrx_word' id='word_1_67' title='bbox 159 1588 165 1599; x_wconf 93' lang='grc'><strong><em>.</em></strong></span> <span class='ocrx_word' id='word_1_68' title='bbox 225 1546 291 1621; x_wconf 87' lang='grc' dir='ltr'><strong><em>φεῦ</em></strong></span> <span class='ocrx_word' id='word_1_69' title='bbox 313 1546 391 1621; x_wconf 85' lang='grc' dir='ltr'><strong><em>φεῦ·</em></strong></span> 
     </span>
     <span class='ocr_line' id='line_1_13' title="bbox 222 1642 986 1734; baseline 0.001 -26"><span class='ocrx_word' id='word_1_70' title='bbox 222 1648 325 1710; x_wconf 91' lang='grc' dir='ltr'><strong><em>κακόν</em></strong></span> <span class='ocrx_word' id='word_1_71' title='bbox 349 1669 385 1728; x_wconf 90' lang='grc' dir='ltr'><strong><em>γε</em></strong></span> <span class='ocrx_word' id='word_1_72' title='bbox 408 1652 548 1729; x_wconf 80' lang='grc' dir='ltr'><strong><em>θνητοῖς</em></strong></span> <span class='ocrx_word' id='word_1_73' title='bbox 571 1648 608 1712; x_wconf 87' lang='grc' dir='ltr'><strong><em>τὸ</em></strong></span> <span class='ocrx_word' id='word_1_74' title='bbox 632 1644 711 1710; x_wconf 93' lang='grc' dir='ltr'><strong><em>νέον</em></strong></span> <span class='ocrx_word' id='word_1_75' title='bbox 735 1648 772 1710; x_wconf 85' lang='grc' dir='ltr'><strong><em>ἐν</em></strong></span> <span class='ocrx_word' id='word_1_76' title='bbox 794 1668 829 1710; x_wconf 88' lang='grc' dir='ltr'><strong><em>τε</em></strong></span> <span class='ocrx_word' id='word_1_77' title='bbox 852 1652 897 1732; x_wconf 75' lang='grc' dir='ltr'><strong><em>τῷ</em></strong></span> <span class='ocrx_word' id='word_1_78' title='bbox 922 1642 986 1734; x_wconf 79' lang='grc' dir='ltr'><strong><em>νέῳ</em></strong></span> 
     </span>
     <span class='ocr_line' id='line_1_14' title="bbox 224 1752 910 1836; baseline 0.001 -21"><span class='ocrx_word' id='word_1_79' title='bbox 224 1753 261 1816; x_wconf 88' lang='grc' dir='ltr'><strong><em>τὸ</em></strong></span> <span class='ocrx_word' id='word_1_80' title='bbox 285 1753 329 1835; x_wconf 84' lang='grc' dir='ltr'><strong><em>μὴ</em></strong></span> <span class='ocrx_word' id='word_1_81' title='bbox 354 1754 485 1818; x_wconf 88' lang='grc' dir='ltr'><strong><em>δίκαιον</em></strong></span> <span class='ocrx_word' id='word_1_82' title='bbox 508 1754 598 1830; x_wconf 81' lang='grc' dir='ltr'><strong><em>ὅστις</em></strong></span> <span class='ocrx_word' id='word_1_83' title='bbox 621 1752 811 1835; x_wconf 81' lang='grc' dir='ltr'><strong><em>ἀνθρώπων</em></strong></span> <span class='ocrx_word' id='word_1_84' title='bbox 836 1755 910 1836; x_wconf 79' lang='grc' dir='ltr'><strong><em>ἔχει.</em></strong></span> 
     </span>
     <span class='ocr_line' id='line_1_15' title="bbox 224 1856 951 1946; baseline 0 -23"><span class='ocrx_word' id='word_1_85' title='bbox 224 1858 289 1941; x_wconf 84' lang='grc' dir='ltr'><strong><em>ἐγὼ</em></strong></span> <span class='ocrx_word' id='word_1_86' title='bbox 313 1856 350 1925; x_wconf 81' lang='grc' dir='ltr'><strong><em>δέ</em></strong></span> <span class='ocrx_word' id='word_1_87' title='bbox 373 1864 483 1946; x_wconf 83' lang='grc' dir='ltr'><strong><em>ταρβῶ</em></strong></span> <span class='ocrx_word' id='word_1_88' title='bbox 507 1861 552 1945; x_wconf 84' lang='grc' dir='ltr'><strong><em>μὴ</em></strong></span> <span class='ocrx_word' id='word_1_89' title='bbox 575 1862 613 1925; x_wconf 87' lang='grc' dir='ltr'><strong><em>τὸ</em></strong></span> <span class='ocrx_word' id='word_1_90' title='bbox 638 1860 813 1925; x_wconf 77' lang='grc' dir='ltr'><strong><em>δουλεύειν</em></strong></span> <span class='ocrx_word' id='word_1_91' title='bbox 836 1861 878 1944; x_wconf 88' lang='grc' dir='ltr'><strong><em>μέ</em></strong></span> <span class='ocrx_word' id='word_1_92' title='bbox 898 1876 951 1923; x_wconf 93' lang='grc' dir='ltr'><strong><em>σοι</em></strong></span> 
     </span>
     <span class='ocr_line' id='line_1_16' title="bbox 227 1964 906 2053; baseline -0.001 -23"><span class='ocrx_word' id='word_1_93' title='bbox 227 1967 337 2049; x_wconf 86' lang='grc' dir='ltr'><strong><em>λόγων</em></strong></span> <span class='ocrx_word' id='word_1_94' title='bbox 359 1967 474 2053; x_wconf 81' lang='grc' dir='ltr'><strong><em>ἀπώση</em></strong></span> <span class='ocrx_word' id='word_1_95' title='bbox 498 1964 592 2032; x_wconf 92' lang='grc' dir='ltr'><strong><em>πόλλ’</em></strong></span> <span class='ocrx_word' id='word_1_96' title='bbox 611 1970 754 2050; x_wconf 81' lang='grc' dir='ltr'><strong><em>ἔχουσαν</em></strong></span> <span class='ocrx_word' id='word_1_97' title='bbox 777 1969 906 2043; x_wconf 83' lang='grc' dir='ltr'><strong><em>ἔνδικα,</em></strong></span> 
     </span>
     <span class='ocr_line' id='line_1_17' title="bbox 223 2069 1088 2160; baseline -0.001 -23"><span class='ocrx_word' id='word_1_98' title='bbox 223 2071 265 2156; x_wconf 79' lang='grc' dir='ltr'><strong><em>ἣν</em></strong></span> <span class='ocrx_word' id='word_1_99' title='bbox 289 2069 320 2139; x_wconf 92' lang='grc' dir='ltr'><strong><em>δ’</em></strong></span> <span class='ocrx_word' id='word_1_100' title='bbox 340 2069 383 2139; x_wconf 85' lang='grc' dir='ltr'><strong><em>αὖ</em></strong></span> <span class='ocrx_word' id='word_1_101' title='bbox 405 2078 573 2157; x_wconf 75' lang='grc' dir='ltr'><strong><em>κρατήσαι,</em></strong></span> <span class='ocrx_word' id='word_1_102' title='bbox 597 2077 641 2158; x_wconf 77' lang='grc' dir='ltr'><strong><em>μὴ</em></strong></span> <span class='ocrx_word' id='word_1_103' title='bbox 660 2072 712 2138; x_wconf 77' lang='grc' dir='ltr'><strong><em>’πὶ</em></strong></span> <span class='ocrx_word' id='word_1_104' title='bbox 734 2070 812 2160; x_wconf 76' lang='grc' dir='ltr'><strong><em>τῷδ’</em></strong></span> <span class='ocrx_word' id='word_1_105' title='bbox 830 2075 924 2156; x_wconf 78' lang='grc' dir='ltr'><strong><em>ὄφλω</em></strong></span> <span class='ocrx_word' id='word_1_106' title='bbox 948 2073 1088 2157; x_wconf 79' lang='grc' dir='ltr'><strong><em>βλάβην·</em></strong></span> 
     </span>
     <span class='ocr_line' id='line_1_18' title="bbox 225 2180 1112 2266; baseline 0.001 -22"><span class='ocrx_word' id='word_1_107' title='bbox 225 2181 260 2244; x_wconf 81' lang='lat' dir='ltr'><strong><em>ol</em></strong></span> <span class='ocrx_word' id='word_1_108' title='bbox 279 2183 343 2266; x_wconf 82' lang='grc' dir='ltr'><strong><em>γὰρ</em></strong></span> <span class='ocrx_word' id='word_1_109' title='bbox 366 2180 523 2258; x_wconf 80' lang='grc' dir='ltr'><strong><em>πνέοντες</em></strong></span> <span class='ocrx_word' id='word_1_110' title='bbox 546 2182 670 2264; x_wconf 83' lang='grc' dir='ltr'><strong><em>μεγάλα</em></strong></span> <span class='ocrx_word' id='word_1_111' title='bbox 693 2183 773 2256; x_wconf 86' lang='grc' dir='ltr'><strong><em>τοὺς</em></strong></span> <span class='ocrx_word' id='word_1_112' title='bbox 795 2182 970 2262; x_wconf 83' lang='grc' dir='ltr'><strong><em>κρείσσους</em></strong></span> <span class='ocrx_word' id='word_1_113' title='bbox 993 2183 1112 2264; x_wconf 73' lang='grc' dir='ltr'><strong><em>λόγουςΙ</em></strong></span> 
     </span>
     <span class='ocr_line' id='line_1_19' title="bbox 223 2287 1235 2371; baseline -0.001 -20"><span class='ocrx_word' id='word_1_114' title='bbox 223 2299 347 2370; x_wconf 79' lang='grc' dir='ltr'><strong><em>πικρῶς</em></strong></span> <span class='ocrx_word' id='word_1_115' title='bbox 370 2287 512 2371; x_wconf 80' lang='grc' dir='ltr'><strong><em>φέρουσι</em></strong></span> <span class='ocrx_word' id='word_1_116' title='bbox 537 2300 603 2352; x_wconf 86' lang='grc' dir='ltr'><strong><em>τῶν</em></strong></span> <span class='ocrx_word' id='word_1_117' title='bbox 627 2288 819 2353; x_wconf 82' lang='grc' dir='ltr'><strong><em>ἐλασσόνων</em></strong></span> <span class='ocrx_word' id='word_1_118' title='bbox 841 2287 923 2361; x_wconf 61' lang='grc' dir='ltr'><strong><em>ύποὶ</em></strong></span> <span class='ocrx_word' id='word_1_119' title='bbox 1184 2304 1235 2352; x_wconf 85' lang='lat'><strong><em>190</em></strong></span> 
     </span>
     <span class='ocr_line' id='line_1_20' title="bbox 224 2389 977 2485; baseline -0.001 -27"><span class='ocrx_word' id='word_1_120' title='bbox 224 2395 321 2485; x_wconf 73' lang='grc' dir='ltr'><strong><em>ὅμωςι</em></strong></span> <span class='ocrx_word' id='word_1_121' title='bbox 335 2393 365 2459; x_wconf 87' lang='grc' dir='ltr'><strong><em>δ’</em></strong></span> <span class='ocrx_word' id='word_1_122' title='bbox 385 2395 529 2480; x_wconf 80' lang='grc' dir='ltr'><strong><em>ἐμαυτὴν</em></strong></span> <span class='ocrx_word' id='word_1_123' title='bbox 553 2394 593 2459; x_wconf 90' lang='grc' dir='ltr'><strong><em>ού</em></strong></span> <span class='ocrx_word' id='word_1_124' title='bbox 616 2389 776 2476; x_wconf 86' lang='grc' dir='ltr'><strong><em>προόοῦσ’</em></strong></span> <span class='ocrx_word' id='word_1_125' title='bbox 799 2392 977 2476; x_wconf 81' lang='grc' dir='ltr'><strong><em>ἁλώσομαι.</em></strong></span> 
     </span>
     <span class='ocr_line' id='line_1_21' title="bbox 223 2497 882 2590; baseline -0.002 -24"><span class='ocrx_word' id='word_1_126' title='bbox 223 2497 299 2585; x_wconf 72' lang='grc' dir='ltr'><strong><em>εἴπ’,</em></strong></span> <span class='ocrx_word' id='word_1_127' title='bbox 323 2498 349 2567; x_wconf 85' lang='grc' dir='ltr'><em>ὦ</em></span> <span class='ocrx_word' id='word_1_128' title='bbox 373 2513 482 2585; x_wconf 86' lang='grc' dir='ltr'><strong><em>νεᾶνι,</em></strong></span> <span class='ocrx_word' id='word_1_129' title='bbox 506 2511 550 2590; x_wconf 81' lang='grc' dir='ltr'><strong><em>τῷ</em></strong></span> <span class='ocrx_word' id='word_1_130' title='bbox 575 2499 605 2566; x_wconf 93' lang='grc' dir='ltr'><strong><em>σ’</em></strong></span> <span class='ocrx_word' id='word_1_131' title='bbox 625 2502 769 2587; x_wconf 79' lang='grc' dir='ltr'><strong><em>ἐχεγγύῳ</em></strong></span> <span class='ocrx_word' id='word_1_132' title='bbox 794 2503 882 2587; x_wconf 80' lang='grc' dir='ltr'><strong><em>λόγῳ</em></strong></span> 
     </span>
     <span class='ocr_line' id='line_1_22' title="bbox 220 2607 988 2694; baseline -0.003 -21"><span class='ocrx_word' id='word_1_133' title='bbox 220 2607 385 2676; x_wconf 80' lang='grc' dir='ltr'><strong><em>πεισθεῑσ’</em></strong></span> <span class='ocrx_word' id='word_1_134' title='bbox 403 2610 530 2676; x_wconf 83' lang='grc' dir='ltr'><strong><em>ἀπωθῶ</em></strong></span> <span class='ocrx_word' id='word_1_135' title='bbox 554 2612 703 2694; x_wconf 86' lang='grc' dir='ltr'><strong><em>γνησίων</em></strong></span> <span class='ocrx_word' id='word_1_136' title='bbox 727 2608 988 2692; x_wconf 80' lang='grc' dir='ltr'><strong><em>νυμφευμάτων;</em></strong></span> 
     </span>
     <span class='ocr_line' id='line_1_23' title="bbox 221 2717 1005 2800; baseline -0.003 -19"><span class='ocrx_word' id='word_1_137' title='bbox 221 2717 265 2793; x_wconf 83' lang='grc' dir='ltr'><strong><em>ὡς</em></strong></span> <span class='ocrx_word' id='word_1_138' title='bbox 287 2717 308 2800; x_wconf 80' lang='grc' dir='ltr'><strong><em>ἡ</em></strong></span> <span class='ocrx_word' id='word_1_139' title='bbox 332 2719 484 2782; x_wconf 80' lang='grc' dir='ltr'><strong><em>Λάκαινα</em></strong></span> <span class='ocrx_word' id='word_1_140' title='bbox 507 2728 574 2784; x_wconf 86' lang='grc' dir='ltr'><strong><em>τῶν</em></strong></span> <span class='ocrx_word' id='word_1_141' title='bbox 600 2722 746 2799; x_wconf 89' lang='grc' dir='ltr'><strong><em>Φρυγῶν</em></strong></span> <span class='ocrx_word' id='word_1_142' title='bbox 769 2720 873 2800; x_wconf 82' lang='grc' dir='ltr'><strong><em>μείων</em></strong></span> <span class='ocrx_word' id='word_1_143' title='bbox 895 2717 1005 2792; x_wconf 86' lang='grc' dir='ltr'><strong><em>πόλις,</em></strong></span> 
     </span>
     <span class='ocr_line' id='line_1_24' title="bbox 220 2819 1232 2909; baseline 0 -23"><span class='ocrx_word' id='word_1_144' title='bbox 220 2825 302 2909; x_wconf 86' lang='grc' dir='ltr'><strong><em>τύχη</em></strong></span> <span class='ocrx_word' id='word_1_145' title='bbox 327 2819 356 2889; x_wconf 79' lang='grc' dir='ltr'><strong><em>θ’</em></strong></span> <span class='ocrx_word' id='word_1_146' title='bbox 374 2825 518 2907; x_wconf 84' lang='grc' dir='ltr'><strong><em>ὑπερθεῑ</em></strong></span> <span class='ocrx_word' id='word_1_147' title='bbox 538 2822 610 2909; x_wconf 82' lang='grc' dir='ltr'><strong><em>τᾶμ’</em></strong></span> <span class='ocrx_word' id='word_1_148' title='bbox 629 2822 812 2909; x_wconf 81' lang='grc' dir='ltr'><strong><em>ἐλευθέραν</em></strong></span> <span class='ocrx_word' id='word_1_149' title='bbox 837 2820 867 2888; x_wconf 92' lang='grc' dir='ltr'><strong><em>δ’</em></strong></span> <span class='ocrx_word' id='word_1_150' title='bbox 885 2822 980 2909; x_wconf 82' lang='grc' dir='ltr'><strong><em>δρᾷς;</em></strong></span> <span class='ocrx_word' id='word_1_151' title='bbox 1183 2840 1232 2887; x_wconf 79' lang='grc' dir='ltr'><strong><em>ιοο</em></strong></span> 
     </span>
     <span class='ocr_line' id='line_1_25' title="bbox 221 2930 891 3019; baseline -0.001 -24"><span class='ocrx_word' id='word_1_152' title='bbox 221 2930 309 3018; x_wconf 63' lang='lat' dir='ltr'><strong><em>liri</em></strong></span> <span class='ocrx_word' id='word_1_153' title='bbox 333 2930 397 3019; x_wconf 77' lang='grc' dir='ltr'><strong><em>νέῳ</em></strong></span> <span class='ocrx_word' id='word_1_154' title='bbox 422 2955 455 2997; x_wconf 86' lang='grc' dir='ltr'><strong><em>τε</em></strong></span> <span class='ocrx_word' id='word_1_155' title='bbox 479 2931 532 2997; x_wconf 85' lang='grc' dir='ltr'><strong><em>καὶ</em></strong></span> <span class='ocrx_word' id='word_1_156' title='bbox 556 2942 742 3016; x_wconf 84' lang='grc' dir='ltr'><strong><em>σφριγῶντι</em></strong></span> <span class='ocrx_word' id='word_1_157' title='bbox 766 2932 891 3014; x_wconf 83' lang='grc' dir='ltr'><strong><em>σώματι</em></strong></span> 
     </span>
     <span class='ocr_line' id='line_1_26' title="bbox 222 3034 987 3122; baseline 0 -21"><span class='ocrx_word' id='word_1_158' title='bbox 222 3039 369 3104; x_wconf 87' lang='grc' dir='ltr'><strong><em>πλούτου</em></strong></span> <span class='ocrx_word' id='word_1_159' title='bbox 391 3062 426 3104; x_wconf 87' lang='grc' dir='ltr'><strong><em>τε</em></strong></span> <span class='ocrx_word' id='word_1_160' title='bbox 450 3039 585 3122; x_wconf 82' lang='grc' dir='ltr'><strong><em>μεγέθει</em></strong></span> <span class='ocrx_word' id='word_1_161' title='bbox 607 3037 662 3104; x_wconf 82' lang='grc' dir='ltr'><strong><em>καὶ</em></strong></span> <span class='ocrx_word' id='word_1_162' title='bbox 686 3042 797 3122; x_wconf 89' lang='grc' dir='ltr'><strong><em>φίλοις</em></strong></span> <span class='ocrx_word' id='word_1_163' title='bbox 822 3034 987 3120; x_wconf 79' lang='grc' dir='ltr'><strong><em>ἐπηρμένη</em></strong></span> 
     </span>
     <span class='ocr_line' id='line_1_27' title="bbox 222 3139 995 3230; baseline -0.003 -21"><span class='ocrx_word' id='word_1_164' title='bbox 222 3139 316 3211; x_wconf 84' lang='grc' dir='ltr'><strong><em>οἷκον</em></strong></span> <span class='ocrx_word' id='word_1_165' title='bbox 339 3156 514 3230; x_wconf 81' lang='grc' dir='ltr'><strong><em>κατασχεῖν</em></strong></span> <span class='ocrx_word' id='word_1_166' title='bbox 536 3146 596 3211; x_wconf 88' lang='grc' dir='ltr'><strong><em>τὸν</em></strong></span> <span class='ocrx_word' id='word_1_167' title='bbox 620 3147 680 3211; x_wconf 88' lang='grc' dir='ltr'><strong><em>σὸν</em></strong></span> <span class='ocrx_word' id='word_1_168' title='bbox 704 3143 779 3210; x_wconf 78' lang='grc' dir='ltr'><strong><em>ἀντὶ</em></strong></span> <span class='ocrx_word' id='word_1_169' title='bbox 803 3153 866 3211; x_wconf 85' lang='grc' dir='ltr'><strong><em>σοῦ</em></strong></span> <span class='ocrx_word' id='word_1_170' title='bbox 887 3141 995 3220; x_wconf 72' lang='grc' dir='ltr'><strong><em>θέλοις</em></strong></span> 
     </span>
     <span class='ocr_line' id='line_1_28' title="bbox 221 3247 970 3336; baseline -0.003 -20"><span class='ocrx_word' id='word_1_171' title='bbox 221 3255 363 3336; x_wconf 85' lang='grc' dir='ltr'><strong><em>πότερον</em></strong></span> <span class='ocrx_word' id='word_1_172' title='bbox 385 3247 430 3317; x_wconf 81' lang='grc' dir='ltr'><strong><em>ἵν’</em></strong></span> <span class='ocrx_word' id='word_1_173' title='bbox 452 3253 536 3335; x_wconf 78' lang='grc' dir='ltr'><strong><em>αὐτη</em></strong></span> <span class='ocrx_word' id='word_1_174' title='bbox 559 3254 680 3329; x_wconf 83' lang='grc' dir='ltr'><strong><em>παῖδας</em></strong></span> <span class='ocrx_word' id='word_1_175' title='bbox 704 3250 777 3318; x_wconf 78' lang='grc' dir='ltr'><strong><em>ἀντὶ</em></strong></span> <span class='ocrx_word' id='word_1_176' title='bbox 802 3261 864 3317; x_wconf 87' lang='grc' dir='ltr'><strong><em>σοῦ</em></strong></span> <span class='ocrx_word' id='word_1_177' title='bbox 887 3249 970 3316; x_wconf 88' lang='grc' dir='ltr'><strong><em>τέκω</em></strong></span> 
     </span>
     <span class='ocr_line' id='line_1_29' title="bbox 220 3357 1235 3444; baseline -0.002 -20"><span class='ocrx_word' id='word_1_178' title='bbox 220 3360 364 3437; x_wconf 87' lang='grc' dir='ltr'><strong><em>δούλους</em></strong></span> <span class='ocrx_word' id='word_1_179' title='bbox 387 3359 509 3444; x_wconf 75' lang='grc' dir='ltr'><strong><em>ἐμαυτῇ</em></strong></span> <span class='ocrx_word' id='word_1_180' title='bbox 532 3357 560 3423; x_wconf 89' lang='grc' dir='ltr'><strong><em>τ’</em></strong></span> <span class='ocrx_word' id='word_1_181' title='bbox 580 3360 704 3425; x_wconf 84' lang='grc' dir='ltr'><strong><em>ἀθλίαν</em></strong></span> <span class='ocrx_word' id='word_1_182' title='bbox 728 3359 904 3439; x_wconf 85' lang='grc' dir='ltr'><strong><em>ἐφολκίδα;</em></strong></span> <span class='ocrx_word' id='word_1_183' title='bbox 1183 3373 1235 3422; x_wconf 76' lang='lat'><strong><em>200</em></strong></span> 
     </span>
    </p>
   </div>
   <div class='ocr_carea' id='block_1_3' title="bbox 84 3540 1232 4500">
    <p class='ocr_par' dir='ltr' id='par_1_3' title="bbox 84 3540 1232 4500">
     <span class='ocr_line' id='line_1_30' title="bbox 176 3540 1200 3614; baseline -0.002 -18"><span class='ocrx_word' id='word_1_184' title='bbox 176 3550 226 3597; x_wconf 85' lang='grc'><strong><em>178</em></strong></span> <span class='ocrx_word' id='word_1_185' title='bbox 245 3553 373 3600; x_wconf 86' lang='grc' dir='ltr'><strong><em>τοιοῦτον</em></strong></span> <span class='ocrx_word' id='word_1_186' title='bbox 392 3545 457 3612; x_wconf 83' lang='lat' dir='ltr'><strong><em>LP,</em></strong></span> <span class='ocrx_word' id='word_1_187' title='bbox 476 3554 585 3600; x_wconf 84' lang='grc' dir='ltr'><strong><em>τοιοῦτο</em></strong></span> <span class='ocrx_word' id='word_1_188' title='bbox 604 3564 619 3600; x_wconf 81' lang='lat' dir='ltr'>r</span> <span class='ocrx_word' id='word_1_189' title='bbox 692 3550 743 3598; x_wconf 78' lang='grc'><strong><em>170</em></strong></span> <span class='ocrx_word' id='word_1_190' title='bbox 762 3540 802 3614; x_wconf 83' lang='grc' dir='ltr'><strong><em>τ’]</em></strong></span> <span class='ocrx_word' id='word_1_191' title='bbox 822 3541 849 3596; x_wconf 87' lang='grc' dir='ltr'><strong><em>δ’</em></strong></span> <span class='ocrx_word' id='word_1_192' title='bbox 867 3544 897 3596; x_wconf 87' lang='grc' dir='ltr'><em>Ε</em></span> <span class='ocrx_word' id='word_1_193' title='bbox 970 3547 1019 3595; x_wconf 88' lang='grc'><strong><em>177</em></strong></span> <span class='ocrx_word' id='word_1_194' title='bbox 1039 3541 1076 3611; x_wconf 86' lang='grc' dir='ltr'><strong><em>μὴ</em></strong></span> <span class='ocrx_word' id='word_1_195' title='bbox 1096 3558 1149 3597; x_wconf 88' lang='lat' dir='ltr'><strong><em>om.</em></strong></span> <span class='ocrx_word' id='word_1_196' title='bbox 1169 3541 1200 3595; x_wconf 94' lang='grc' dir='ltr'><em>Ε</em></span> 
     </span>
     <span class='ocr_line' id='line_1_31' title="bbox 88 3619 1232 3697; baseline -0.002 -19"><span class='ocrx_word' id='word_1_197' title='bbox 88 3631 137 3679; x_wconf 90' lang='grc'><strong><em>178</em></strong></span> <span class='ocrx_word' id='word_1_198' title='bbox 156 3626 316 3697; x_wconf 83' lang='grc' dir='ltr'><strong><em>γυναικοῖν]</em></strong></span> <span class='ocrx_word' id='word_1_199' title='bbox 336 3634 482 3695; x_wconf 80' lang='grc' dir='ltr'><strong><em>γυναικοῖν</em></strong></span> <span class='ocrx_word' id='word_1_200' title='bbox 501 3634 601 3680; x_wconf 77' lang='grc' dir='ltr'><strong><em>κακοῖν</em></strong></span> <span class='ocrx_word' id='word_1_201' title='bbox 620 3626 650 3678; x_wconf 90' lang='grc' dir='ltr'><em>Ε</em></span> <span class='ocrx_word' id='word_1_202' title='bbox 714 3628 765 3678; x_wconf 95' lang='grc'><strong><em>180</em></strong></span> <span class='ocrx_word' id='word_1_203' title='bbox 783 3620 860 3678; x_wconf 87' lang='grc' dir='ltr'><strong><em>θέλει</em></strong></span> <span class='ocrx_word' id='word_1_204' title='bbox 876 3623 905 3690; x_wconf 82' lang='lat' dir='ltr'><strong><em>C,</em></strong></span> <span class='ocrx_word' id='word_1_205' title='bbox 923 3619 1034 3677; x_wconf 77' lang='grc' dir='ltr'><strong><em>θέλοιτ</em></strong></span> <span class='ocrx_word' id='word_1_206' title='bbox 1108 3628 1155 3675; x_wconf 91' lang='grc'><strong><em>181</em></strong></span> <span class='ocrx_word' id='word_1_207' title='bbox 1177 3626 1232 3691; x_wconf 88' lang='grc' dir='ltr'><strong><em>θη-</em></strong></span> 
     </span>
     <span class='ocr_line' id='line_1_32' title="bbox 86 3700 1232 3773; baseline -0.002 -14"><span class='ocrx_word' id='word_1_208' title='bbox 86 3704 162 3768; x_wconf 84' lang='grc' dir='ltr'><strong><em>λείας</em></strong></span> <span class='ocrx_word' id='word_1_209' title='bbox 180 3706 284 3773; x_wconf 81' lang='grc' dir='ltr'><strong><em>φρενὸς</em></strong></span> <span class='ocrx_word' id='word_1_210' title='bbox 302 3706 379 3760; x_wconf 81' lang='lat' dir='ltr'>Stob.</span> <span class='ocrx_word' id='word_1_211' title='bbox 399 3706 424 3760; x_wconf 88' lang='lat' dir='ltr'><strong><em>fl.</em></strong></span> <span class='ocrx_word' id='word_1_212' title='bbox 446 3712 536 3773; x_wconf 58' lang='grc'><strong>7818</strong></span> <span class='ocrx_word' id='word_1_213' title='bbox 560 3709 589 3760; x_wconf 79' lang='lat' dir='ltr'><strong><em>et</em></strong></span> <span class='ocrx_word' id='word_1_214' title='bbox 607 3705 692 3759; x_wconf 77' lang='lat' dir='ltr'>schol.</span> <span class='ocrx_word' id='word_1_215' title='bbox 713 3704 814 3766; x_wconf 76' lang='grc' dir='ltr'><strong><em>ἄλλωςι</em></strong></span> <span class='ocrx_word' id='word_1_216' title='bbox 842 3700 959 3772; x_wconf 88' lang='grc' dir='ltr'><strong><em>θηλείας</em></strong></span> <span class='ocrx_word' id='word_1_217' title='bbox 978 3700 1082 3771; x_wconf 82' lang='grc' dir='ltr'><strong><em>φρενός</em></strong></span> <span class='ocrx_word' id='word_1_218' title='bbox 1101 3701 1161 3756; x_wconf 77' lang='grc' dir='ltr'><strong><em>ἀντὶ</em></strong></span> <span class='ocrx_word' id='word_1_219' title='bbox 1182 3711 1232 3757; x_wconf 87' lang='grc' dir='ltr'><strong><em>τοῦ</em></strong></span> 
     </span>
     <span class='ocr_line' id='line_1_33' title="bbox 85 3782 1230 3857; baseline -0.003 -17"><span class='ocrx_word' id='word_1_220' title='bbox 85 3786 187 3854; x_wconf 78' lang='grc' dir='ltr'><strong><em>θήλεια</em></strong></span> <span class='ocrx_word' id='word_1_221' title='bbox 207 3785 294 3857; x_wconf 81' lang='grc' dir='ltr'><strong><em>φρήν]</em></strong></span> <span class='ocrx_word' id='word_1_222' title='bbox 314 3790 436 3855; x_wconf 86' lang='grc' dir='ltr'><strong><em>θηλειῶν</em></strong></span> <span class='ocrx_word' id='word_1_223' title='bbox 456 3787 509 3855; x_wconf 84' lang='grc' dir='ltr'><strong><em>ἐιρυ</em></strong></span> <span class='ocrx_word' id='word_1_224' title='bbox 527 3787 592 3840; x_wconf 83' lang='lat' dir='ltr'>libri</span> <span class='ocrx_word' id='word_1_225' title='bbox 685 3792 735 3839; x_wconf 75' lang='grc'><strong><em>182</em></strong></span> <span class='ocrx_word' id='word_1_226' title='bbox 758 3784 809 3849; x_wconf 83' lang='grc' dir='ltr'><strong><em>ξὺν</em></strong></span> <span class='ocrx_word' id='word_1_227' title='bbox 828 3783 940 3854; x_wconf 77' lang='grc' dir='ltr'><strong><em>γάμοισι</em></strong></span> <span class='ocrx_word' id='word_1_228' title='bbox 960 3784 989 3836; x_wconf 97' lang='grc' dir='ltr'><em>Ε</em></span> <span class='ocrx_word' id='word_1_229' title='bbox 1079 3789 1130 3837; x_wconf 82' lang='grc'><strong><em>184</em></strong></span> <span class='ocrx_word' id='word_1_230' title='bbox 1149 3782 1179 3837; x_wconf 87' lang='grc' dir='ltr'><strong><em>ἐν</em></strong></span> <span class='ocrx_word' id='word_1_231' title='bbox 1199 3782 1230 3836; x_wconf 78' lang='grc' dir='ltr'><strong><em>δὲ</em></strong></span> 
     </span>
     <span class='ocr_line' id='line_1_34' title="bbox 85 3862 1197 3939; baseline -0.003 -19"><span class='ocrx_word' id='word_1_232' title='bbox 85 3865 288 3932; x_wconf 75' lang='grc' dir='ltr'><strong><em>81ολ).0.59,1</em></strong></span> <span class='ocrx_word' id='word_1_233' title='bbox 382 3872 431 3919; x_wconf 88' lang='grc'><strong><em>188</em></strong></span> <span class='ocrx_word' id='word_1_234' title='bbox 450 3865 531 3939; x_wconf 74' lang='grc' dir='ltr'><strong><em>τῷδ’]</em></strong></span> <span class='ocrx_word' id='word_1_235' title='bbox 551 3863 726 3922; x_wconf 69' lang='grc' dir='ltr'><strong><em>τῶιλτῶδ</em></strong></span> <span class='ocrx_word' id='word_1_236' title='bbox 745 3862 918 3933; x_wconf 75' lang='lat' dir='ltr'><strong><em>A¹,w&#39;r&#39;13</em></strong></span> <span class='ocrx_word' id='word_1_237' title='bbox 937 3875 959 3918; x_wconf 87' lang='grc' dir='ltr'><strong><em>ῶ</em></strong></span> <span class='ocrx_word' id='word_1_238' title='bbox 978 3882 1061 3934; x_wconf 84' lang='lat' dir='ltr'>super</span> <span class='ocrx_word' id='word_1_239' title='bbox 1080 3862 1095 3918; x_wconf 92' lang='grc' dir='ltr'><strong><em>ό</em></strong></span> <span class='ocrx_word' id='word_1_240' title='bbox 1115 3865 1197 3917; x_wconf 76' lang='lat' dir='ltr'><strong><em>scrb</em></strong></span> 
     </span>
     <span class='ocr_line' id='line_1_35' title="bbox 86 3943 1196 4017; baseline -0.002 -18"><span class='ocrx_word' id='word_1_241' title='bbox 86 3952 137 4001; x_wconf 92' lang='grc'><strong>189</strong></span> <span class='ocrx_word' id='word_1_242' title='bbox 166 3949 231 4008; x_wconf 81' lang='grc' dir='ltr'><strong><em>τοὺς</em></strong></span> <span class='ocrx_word' id='word_1_243' title='bbox 259 3944 413 4017; x_wconf 74' lang='grc' dir='ltr'><strong><em>κρείσσους]</em></strong></span> <span class='ocrx_word' id='word_1_244' title='bbox 440 3949 502 4002; x_wconf 80' lang='lat' dir='ltr'>fort.</span> <span class='ocrx_word' id='word_1_245' title='bbox 531 3945 693 4014; x_wconf 81' lang='grc' dir='ltr'><strong><em>κρείσσονας</em></strong></span> <span class='ocrx_word' id='word_1_246' title='bbox 804 3951 853 3998; x_wconf 89' lang='grc'><strong><em>190</em></strong></span> <span class='ocrx_word' id='word_1_247' title='bbox 882 3943 948 4016; x_wconf 73' lang='grc' dir='ltr'><strong><em>ὕπο]</em></strong></span> <span class='ocrx_word' id='word_1_248' title='bbox 977 3944 1033 3999; x_wconf 78' lang='grc' dir='ltr'><strong><em>ἄπο</em></strong></span> <span class='ocrx_word' id='word_1_249' title='bbox 1053 3945 1196 3999; x_wconf 81' lang='lat' dir='ltr'><strong>Hermann</strong></span> 
     </span>
     <span class='ocr_line' id='line_1_36' title="bbox 87 4025 1228 4095; baseline -0.001 -16"><span class='ocrx_word' id='word_1_250' title='bbox 87 4034 134 4080; x_wconf 90' lang='grc'><strong>191</strong></span> <span class='ocrx_word' id='word_1_251' title='bbox 156 4027 298 4095; x_wconf 77' lang='grc' dir='ltr'><strong><em>ἁλώσομαι</em></strong></span> <span class='ocrx_word' id='word_1_252' title='bbox 319 4029 378 4081; x_wconf 84' lang='grc' dir='ltr'><strong><em>ΑΒ</em></strong></span> <span class='ocrx_word' id='word_1_253' title='bbox 398 4030 427 4080; x_wconf 77' lang='lat' dir='ltr'><strong><em>et</em></strong></span> <span class='ocrx_word' id='word_1_254' title='bbox 445 4031 513 4081; x_wconf 78' lang='lat' dir='ltr'><strong>mut.</strong></span> <span class='ocrx_word' id='word_1_255' title='bbox 533 4026 563 4080; x_wconf 89' lang='lat' dir='ltr'><strong><em>in</em></strong></span> <span class='ocrx_word' id='word_1_256' title='bbox 581 4027 722 4095; x_wconf 77' lang='grc' dir='ltr'><strong><em>ἁλώσομαι</em></strong></span> <span class='ocrx_word' id='word_1_257' title='bbox 742 4028 772 4080; x_wconf 93' lang='grc' dir='ltr'><em>Ε</em></span> <span class='ocrx_word' id='word_1_258' title='bbox 823 4031 872 4078; x_wconf 77' lang='grc'><strong>190</strong></span> <span class='ocrx_word' id='word_1_259' title='bbox 893 4025 1047 4080; x_wconf 78' lang='grc' dir='ltr'><strong><em>νεάνιΑΒ</em></strong></span> <span class='ocrx_word' id='word_1_260' title='bbox 1104 4032 1155 4078; x_wconf 88' lang='grc'><strong>193</strong></span> <span class='ocrx_word' id='word_1_261' title='bbox 1174 4026 1228 4078; x_wconf 84' lang='grc' dir='ltr'><strong><em>ἀπ-</em></strong></span> 
     </span>
     <span class='ocr_line' id='line_1_37' title="bbox 85 4104 1232 4178; baseline -0.003 -17"><span class='ocrx_word' id='word_1_262' title='bbox 85 4110 152 4162; x_wconf 84' lang='grc' dir='ltr'><strong><em>ὡθω</em></strong></span> <span class='ocrx_word' id='word_1_263' title='bbox 173 4111 198 4162; x_wconf 78' lang='grc' dir='ltr'><em>Α</em></span> <span class='ocrx_word' id='word_1_264' title='bbox 287 4113 338 4161; x_wconf 86' lang='grc'><strong>194</strong></span> <span class='ocrx_word' id='word_1_265' title='bbox 357 4109 423 4178; x_wconf 75' lang='grc' dir='ltr'><strong><em>τῶν]</em></strong></span> <span class='ocrx_word' id='word_1_266' title='bbox 443 4115 490 4176; x_wconf 80' lang='grc' dir='ltr'><strong><em>της</em></strong></span> <span class='ocrx_word' id='word_1_267' title='bbox 510 4107 634 4177; x_wconf 83' lang='lat' dir='ltr'>Scaliger</span> <span class='ocrx_word' id='word_1_268' title='bbox 717 4114 766 4161; x_wconf 77' lang='grc'><strong>198</strong></span> <span class='ocrx_word' id='word_1_269' title='bbox 785 4104 850 4174; x_wconf 82' lang='grc' dir='ltr'><strong><em>τᾶμ’</em></strong></span> <span class='ocrx_word' id='word_1_270' title='bbox 868 4105 1021 4172; x_wconf 78' lang='grc' dir='ltr'><strong><em>ἐλευθέραν</em></strong></span> <span class='ocrx_word' id='word_1_271' title='bbox 1040 4105 1090 4177; x_wconf 75' lang='grc' dir='ltr'><strong><em>θ’]</em></strong></span> <span class='ocrx_word' id='word_1_272' title='bbox 1110 4105 1232 4173; x_wconf 79' lang='lat' dir='ltr'>Lenting</span> 
     </span>
     <span class='ocr_line' id='line_1_38' title="bbox 84 4183 1232 4257; baseline -0.003 -16"><span class='ocrx_word' id='word_1_273' title='bbox 84 4188 148 4257; x_wconf 77' lang='lat' dir='ltr'>(nisi</span> <span class='ocrx_word' id='word_1_274' title='bbox 167 4187 244 4255; x_wconf 86' lang='lat' dir='ltr'>quod</span> <span class='ocrx_word' id='word_1_275' title='bbox 264 4185 413 4254; x_wconf 84' lang='grc' dir='ltr'><strong><em>ἐλεύθερόν</em></strong></span> <span class='ocrx_word' id='word_1_276' title='bbox 432 4187 565 4256; x_wconf 70' lang='lat' dir='ltr'>scripsit),</span> <span class='ocrx_word' id='word_1_277' title='bbox 589 4186 656 4254; x_wconf 81' lang='grc' dir='ltr'><strong><em>κᾶμ’</em></strong></span> <span class='ocrx_word' id='word_1_278' title='bbox 679 4185 754 4256; x_wconf 69' lang='grc' dir='ltr'><strong><em>(κᾶμ’</em></strong></span> <span class='ocrx_word' id='word_1_279' title='bbox 774 4191 812 4252; x_wconf 87' lang='grc' dir='ltr'><strong><em>Α,</em></strong></span> <span class='ocrx_word' id='word_1_280' title='bbox 832 4183 907 4253; x_wconf 83' lang='grc' dir='ltr'><strong><em>κάμ’</em></strong></span> <span class='ocrx_word' id='word_1_281' title='bbox 926 4186 954 4238; x_wconf 89' lang='grc' dir='ltr'><strong><em>Β</em></strong></span> <span class='ocrx_word' id='word_1_282' title='bbox 979 4183 1043 4253; x_wconf 78' lang='grc' dir='ltr'><strong><em>κᾶμ’</em></strong></span> <span class='ocrx_word' id='word_1_283' title='bbox 1062 4188 1085 4254; x_wconf 79' lang='lat' dir='ltr'><strong><em>b,</em></strong></span> <span class='ocrx_word' id='word_1_284' title='bbox 1105 4184 1174 4253; x_wconf 81' lang='grc' dir='ltr'><strong><em>κάμ’</em></strong></span> <span class='ocrx_word' id='word_1_285' title='bbox 1193 4186 1232 4252; x_wconf 84' lang='grc' dir='ltr'><strong><em>Ε)</em></strong></span> 
     </span>
     <span class='ocr_line' id='line_1_39' title="bbox 85 4262 1196 4338; baseline -0.005 -16"><span class='ocrx_word' id='word_1_286' title='bbox 85 4269 128 4322; x_wconf 83' lang='lat' dir='ltr'><strong><em>vel</em></strong></span> <span class='ocrx_word' id='word_1_287' title='bbox 147 4265 195 4323; x_wconf 88' lang='grc' dir='ltr'><strong><em>καί</em></strong></span> <span class='ocrx_word' id='word_1_288' title='bbox 215 4265 243 4335; x_wconf 87' lang='grc' dir='ltr'><strong><em>μ’</em></strong></span> <span class='ocrx_word' id='word_1_289' title='bbox 261 4269 340 4335; x_wconf 81' lang='lat' dir='ltr'><em>(LP)</em></span> <span class='ocrx_word' id='word_1_290' title='bbox 360 4265 512 4335; x_wconf 83' lang='grc' dir='ltr'><strong><em>ἐλευθέραν</em></strong></span> <span class='ocrx_word' id='word_1_291' title='bbox 531 4267 596 4320; x_wconf 85' lang='lat' dir='ltr'>libri</span> <span class='ocrx_word' id='word_1_292' title='bbox 653 4274 701 4322; x_wconf 89' lang='grc'><strong>197</strong></span> <span class='ocrx_word' id='word_1_293' title='bbox 721 4266 856 4338; x_wconf 84' lang='grc' dir='ltr'><strong><em>πλούτου]</em></strong></span> <span class='ocrx_word' id='word_1_294' title='bbox 866 4265 987 4332; x_wconf 77' lang='lat' dir='ltr'>Brnnek,</span> <span class='ocrx_word' id='word_1_295' title='bbox 1006 4262 1112 4327; x_wconf 87' lang='grc' dir='ltr'><strong><em>πόλεως</em></strong></span> <span class='ocrx_word' id='word_1_296' title='bbox 1130 4264 1196 4318; x_wconf 88' lang='lat' dir='ltr'>libri</span> 
     </span>
     <span class='ocr_line' id='line_1_40' title="bbox 86 4344 1231 4417; baseline -0.005 -15"><span class='ocrx_word' id='word_1_297' title='bbox 86 4355 134 4403; x_wconf 88' lang='grc'><strong>198</strong></span> <span class='ocrx_word' id='word_1_298' title='bbox 154 4348 227 4404; x_wconf 83' lang='grc' dir='ltr'><strong><em>κατὰ</em></strong></span> <span class='ocrx_word' id='word_1_299' title='bbox 246 4357 321 4417; x_wconf 85' lang='grc' dir='ltr'><strong><em>σχεῖν</em></strong></span> <span class='ocrx_word' id='word_1_300' title='bbox 337 4351 384 4416; x_wconf 82' lang='grc' dir='ltr'><strong><em>ΑΙ</em></strong></span> <span class='ocrx_word' id='word_1_301' title='bbox 401 4363 509 4400; x_wconf 84' lang='lat' dir='ltr'>versum</span> <span class='ocrx_word' id='word_1_302' title='bbox 529 4346 605 4401; x_wconf 77' lang='lat' dir='ltr'>delet</span> <span class='ocrx_word' id='word_1_303' title='bbox 623 4347 710 4402; x_wconf 80' lang='lat' dir='ltr'><strong>Cobet</strong></span> <span class='ocrx_word' id='word_1_304' title='bbox 748 4352 798 4399; x_wconf 88' lang='grc'><strong><em>199</em></strong></span> <span class='ocrx_word' id='word_1_305' title='bbox 818 4346 889 4413; x_wconf 74' lang='grc' dir='ltr'><strong><em>αὐτῇ</em></strong></span> <span class='ocrx_word' id='word_1_306' title='bbox 904 4345 968 4397; x_wconf 89' lang='grc' dir='ltr'><strong><em>ΒΕ</em></strong></span> <span class='ocrx_word' id='word_1_307' title='bbox 1005 4350 1056 4398; x_wconf 77' lang='lat'><strong><em>200</em></strong></span> <span class='ocrx_word' id='word_1_308' title='bbox 1076 4344 1179 4413; x_wconf 83' lang='grc' dir='ltr'><strong><em>ἐμαντὴ</em></strong></span> <span class='ocrx_word' id='word_1_309' title='bbox 1196 4345 1231 4410; x_wconf 78' lang='lat' dir='ltr'><strong><em>L,</em></strong></span> 
     </span>
     <span class='ocr_line' id='line_1_41' title="bbox 85 4426 394 4500; baseline -0.01 -18"><span class='ocrx_word' id='word_1_310' title='bbox 85 4429 190 4500; x_wconf 77' lang='grc' dir='ltr'><strong><em>ἐμαυτῇ</em></strong></span> <span class='ocrx_word' id='word_1_311' title='bbox 209 4426 235 4498; x_wconf 86' lang='grc' dir='ltr'><strong><em>γ’</em></strong></span> <span class='ocrx_word' id='word_1_312' title='bbox 254 4428 394 4480; x_wconf 81' lang='lat' dir='ltr'>Hermann</span> 
     </span>
    </p>
   </div>
   <div class='ocr_carea' id='block_1_4' title="bbox 0 0 1526 4942">
    <p class='ocr_par' dir='ltr' id='par_1_4' title="bbox 0 0 1526 4942">
     <span class='ocr_line' id='line_1_42' title="bbox 0 0 1526 4942; baseline 0 1"><span class='ocrx_word' id='word_1_313' title='bbox 0 0 1526 4942; x_wconf 95' lang='lat' dir='ltr'><strong><em> </em></strong></span> 
     </span>
    </p>
   </div>
  </div>
 </body>
</html>
