3008 4944
583 274 752 324 ΟΡΕΣΤΗΣ

235 443 343 509 κακῶς
367 431 512 514 ἐκείνην,
537 431 651 513 ἐξερῶ·
676 430 758 511 λέξω
782 431 813 498 δ’
836 434 934 517 ὅμως.

237 545 404 621 Λίγισθος
425 533 468 621 ἧν
492 538 510 604 ὁ
533 540 679 622 κρυπτὸς
701 538 738 604 ἐν
762 541 878 624 δόμοις
899 542 1005 617 πόσις.

236 654 357 711 τοῦτον
380 642 571 726 κατέκτειν’,
595 644 649 711 ἐπὶ
672 642 702 710 δ’
725 647 833 711 ἔθυσα
856 645 995 731 μητέρα,

235 752 355 818 ἀνόσια
378 748 439 836 μὲν
463 753 570 837 δρῶν,
593 751 677 817 ἀλλά
699 765 853 836 τιμωρῶν
877 756 984 837 πατρί.

236 855 289 943 ἐφ’
313 852 363 935 οἷς
386 854 416 923 δ’
440 858 584 935 ἀπειλεῖς
607 859 651 935 ὡς
674 863 891 944 πετρωθῆναί
910 884 949 945 με
971 864 1051 945 χρη,

235 967 380 1031 ἀκουσον
404 966 450 1042 ὡς
471 965 603 1030 ἅπασαν
621 960 752 1031 Ἑλλάδ’
775 967 903 1049 ὠφελῶ.

236 1075 268 1138 εί
287 1074 351 1156 γὰρ
374 1083 530 1156 γυναῖκες
553 1073 587 1149 ές
608 1069 679 1137 τόδ’
701 1071 839 1156 ἥξουσιν
863 1074 1028 1156 θράσους,

236 1181 363 1262 ἀνδρας
385 1181 558 1265 φονεύειν,
582 1181 774 1263 καταφυγάς
796 1181 993 1265 ποιούμεναι

235 1287 270 1365 ἐς
290 1286 407 1370 τέκνα,
429 1296 567 1370 μαστοῖς
588 1288 648 1352 τὸν
671 1289 766 1352 ἔλεον
787 1288 1000 1372 θηρώμεναι,

233 1391 311 1475 παρ’
335 1390 437 1459 οὐδέν
459 1393 575 1469 αὐταῖς
596 1388 639 1476 ἦν
662 1392 704 1458 ἀν
727 1393 866 1460 ὀλλύναι
889 1398 1003 1472 πόσεις

235 1493 384 1584 ἐπίκλημ’
406 1498 560 1583 ἐχούσαις
583 1499 601 1563 ό
623 1523 655 1564 τι
678 1500 781 1584 τύχοι.
828 1500 953 1586 δράσας
976 1499 1005 1566 δ’
1029 1500 1093 1584 ἐγὼ
1195 1519 1247 1566 570

235 1603 344 1687 δείν’,
358 1606 403 1682 ὡς
425 1607 468 1669 σὺ
491 1615 641 1690 κομπεῖς,
665 1602 757 1670 τόνδ’
780 1609 907 1673 ἔπαυσα
929 1609 989 1673 τὸν
1011 1611 1126 1692 νόμον.

235 1726 343 1798 μισῶν
367 1707 404 1776 δέ
428 1708 539 1796 μητέρ’
563 1710 702 1789 ἐνδίκως
723 1712 891 1797 ἀπώλεσα,

235 1822 307 1905 ἣτις
329 1817 405 1902 μεθ’
429 1819 542 1884 ὅπλων
564 1813 661 1903 ἄνδρ’
684 1818 798 1885 ἀπόντ’
820 1820 856 1885 ἐκ
880 1822 1042 1905 δωμάτων

235 1929 342 2009 πάσης
364 1922 447 2007 ὑπὲρ
471 1935 531 2008 γῆς
547 1920 707 2002 Ἑλλάδος
730 1926 955 2012 στρατηλάτην

236 2035 410 2117 προύδωκε
434 2032 516 2097 κούκ
539 2026 636 2097 έσωσ’
658 2031 823 2118 ἀκήρατον
846 2033 951 2120 λέχος·

235 2139 305 2207 ἐπεὶ
328 2134 359 2205 δ’
381 2137 564 2224 ἁμαρτοῦσ’
585 2137 717 2225 ᾔσθετ’,
741 2140 803 2225 οὐχ
827 2141 909 2227 αὑτῇ
933 2144 1031 2225 δίκην

237 2248 415 2332 ἐπέθηκεν,
438 2242 525 2329 ἀλλ’,
548 2246 593 2323 ὡς
615 2248 659 2330 μὴ
684 2247 781 2330 δίκην
806 2248 881 2333 δοίη
905 2252 1015 2333 πόσει,

235 2355 392 2439 ἐζημίωσε
414 2351 539 2437 πατέρα
560 2351 743 2419 κάπέκτειν’
766 2353 856 2439 ἐμόν.

235 2464 318 2544 πρὸς
340 2467 446 2526 θεῶν·
471 2459 508 2525 ἐν
532 2459 574 2525 ού
596 2465 685 2548 καλῷ
709 2457 770 2544 μὲν
794 2460 967 2545 ἐμνήσθην
990 2468 1098 2544 θεῶν,

235 2572 343 2650 φόνον
367 2569 524 2647 δικάζων·
548 2569 580 2631 εί
601 2562 639 2632 δέ
662 2568 703 2649 δὴ
726 2569 766 2632 τὰ
788 2567 928 2651 μητέρος

236 2687 341 2758 σιγῶν
364 2672 527 2760 ἐπῄνουν,
549 2676 585 2738 τί
604 2668 638 2757 μ’
664 2672 706 2738 ἀν
729 2672 841 2760 ἐδρασ’
864 2675 883 2740 ό
906 2676 1100 2751 κατθανώνς

234 2783 296 2848 ούκ
318 2783 361 2846 ἀν
383 2805 424 2866 με
447 2791 554 2864 μισῶν
577 2777 747 2865 ἀνεχόρευ’
767 2776 950 2865 Ἐρινύσινς

233 2888 254 2973 ἢ
277 2885 376 2972 μητρὶ
399 2884 461 2969 μέν
483 2887 616 2969 πάρεισι
640 2888 806 2972 σύμμαχοι
828 2892 923 2971 θεαί,

233 3003 278 3083 τῷ
303 2991 334 3059 δ’
357 2994 398 3059 ού
420 2995 569 3077 πάρεισι,
592 2998 718 3077 μᾶλλον
740 2994 943 3081 ἠδικημέυῳς

236 3102 278 3167 σύ
300 3124 352 3165 τοι
376 3101 543 3185 φυτεύσας
565 3096 738 3184 θυγατέρ’,
762 3095 788 3166 ὦ
811 3101 926 3183 γέρον,
950 3104 1055 3185 κακὴν

236 3207 405 3283 ἀπώλεσάς
428 3227 480 3290 με·
506 3208 561 3271 διὰ
584 3208 708 3291 τὸγὰρ
731 3210 842 3291 κείνης
864 3210 992 3292 θράσος
1064 3272 1066 3276 ,

234 3316 358 3396 πατρὸς
381 3318 571 3398 στερηθείς,
594 3313 756 3398 ἐγενόμην
779 3318 1010 3399 μητροκτόνος.

234 3421 330 3508 ὁρᾷς,
349 3418 532 3496 Ὀδυσσέως
555 3422 677 3505 ἄλοχον
702 3420 743 3486 ού
766 3422 941 3488 κατέκτανε

239 3527 441 3612 Τηλέμαχος·
467 3529 509 3594 ού
531 3530 595 3612 γάρ
619 3528 772 3612 ἐπεγάμει
794 3531 889 3594 πόσει
911 3533 1026 3613 πόσιν,

99 3672 312 3681 ...-—-—

190 3764 240 3812 561
262 3758 288 3812 οἱ
307 3758 429 3826 κρυπτὸς
446 3757 547 3811 Nauck
602 3762 654 3810 564
673 3757 737 3829 χρή]
756 3759 802 3812 δεῖ
819 3759 878 3811 BL
933 3765 984 3812 566
1004 3757 1100 3828 ἥξουσι
1120 3759 1206 3814 ΑαΕ
1211 3760 1246 3828 G,

100 3837 199 3908 ἥκουσι
218 3839 246 3891 Β
262 3842 265 3908 Ι
281 3839 390 3907 θράσος
409 3839 469 3905 οΒ,
486 3837 614 3905 θράσους
627 3838 659 3891 ο8
721 3844 773 3892 569
792 3837 877 3906 παρδ’
895 3840 921 3892 Α
938 3843 942 3907 Ι
957 3833 993 3907 ἦν
1012 3837 1049 3893 ἂν
1067 3840 1166 3901 αύταῖς
1184 3840 1211 3894 Β

99 3925 152 3972 573
172 3916 281 3973 ἀπόντα
305 3917 441 3987 δωμάτων
464 3919 482 3972 h
572 3923 624 3971 574
648 3918 700 3987 γὴν
724 3919 751 3973 A
841 3926 892 3972 575
912 3917 1005 3989 ἔρωτ’]
1029 3919 1117 3989 King,
1146 3919 1247 3975 ἔσωσεν

99 3997 167 4052 libri
248 4005 299 4053 576
319 3999 370 4052 ούκ
390 3998 459 4067 αὐτὴ
479 4000 507 4053 A
588 4004 638 4052 577
659 3995 723 4070 δοίη
743 4002 770 4053 A
842 4004 894 4052 579
914 3999 945 4053 ἐν
963 4000 1008 4070 ού]
1028 4000 1079 4053 οὐκ
1098 3999 1129 4053 ἐν
1149 4000 1175 4054 G

98 4085 153 4132 560
172 4075 289 4147 ματέρος
307 4079 370 4132 ΑΕ
459 4083 509 4132 581
530 4077 647 4147 ἔδρασεν
665 4078 696 4131 Ε
719 4082 722 4147 Ι
749 4078 823 4145 δΑ,
847 4080 881 4132 ού
905 4079 945 4132 A'
1035 4085 1086 4134 562
1106 4079 1247 4147 ἐρινκύσιν

99 4158 190 4213 RES
268 4164 320 4213 565
340 4178 383 4212 τοι
402 4175 454 4213 om.
474 4159 501 4211 A
518 4167 522 4228 Ι
539 4157 630 4228 γέρον,
649 4179 664 4212 ο
683 4158 712 4212 in
731 4176 784 4213 ras.
805 4158 904 4214 literae
923 4160 998 4227 QG
1072 4165 1123 4212 566
1141 4160 1173 4214 τό
1193 4159 1246 4229 γὰρ

98 4238 268 4294 recentiores
292 4238 407 4308 quidam
431 4237 509 4307 libri,
538 4237 590 4306 γὰρ
615 4239 644 4293 τὸ
667 4239 716 4294 OS
805 4245 940 4307 588—90,
965 4257 1035 4308 quos
1055 4239 1142 4293 habet
1161 4239 1246 4293 Clem.

98 4318 179 4374 Alex.
199 4319 281 4372 Paed.
298 4326 313 4373 3
332 4338 359 4388 p.
375 4325 436 4386 979,
455 4318 533 4372 delet
546 4317 668 4371 Dindorf
737 4324 788 4372 568
808 4320 859 4372 ούκ
879 4318 976 4374 ἔκτανε
994 4319 1019 4373 G
1093 4323 1144 4370 589
1163 4316 1247 4372 πόσιν

32 4415 40 4432 ·
98 4397 180 4453 πόσει
199 4400 226 4451 Β
