3014 4942
584 290 809 342 ΙΠΠΟΛΤΤΟΣ

259 451 447 536 αἰδούμεθα
469 452 534 535 γὰρ
555 452 596 516 τδι
620 449 800 537 λελεγμένα
823 475 889 536 μοι.

258 559 397 644 κρύπτε·
421 555 490 623 κατ’
508 561 619 625 ὄσσων
643 559 749 641 δάκρυ
772 582 829 644 μοι
852 562 976 642 βαίνει,

260 662 315 730 καὶ
339 661 390 732 ἐπ’
409 667 573 751 αἰσχύναν
597 667 685 750 ὄμμα
707 664 892 748 τέτραπται.

259 772 383 857 τὸγὰρ
407 772 598 858 ὀρθοῦσθαι
622 774 760 858 γνώμαν
783 772 906 860 δδυυᾷ,

257 881 295 945 τὸ
319 876 356 944 δὲ
379 883 582 964 μαινόμενον
607 883 720 962 κακόν,
745 879 828 945 ἀλλὰ
850 889 967 964 κρατεί

257 987 300 1070 μὴ
324 983 543 1071 γιγνώσκοντ’
562 986 755 1054 ἀπολέσθαι.

167 1096 226 1157 ΤΡ.
262 1095 411 1179 κρύπτοι·
434 1097 472 1160 τὸ
497 1091 528 1159 δ’
546 1093 627 1180 ἐμὸν
648 1097 727 1160 πότε
751 1097 793 1179 δὴ
816 1095 964 1173 θάνατος

259 1212 351 1286 σῶμα
374 1203 532 1280 καλύψεις

260 1309 366 1374 πολλὰ
390 1309 540 1374 διδάσκει
563 1306 596 1392 μ’
616 1309 634 1374 ὁ
658 1312 763 1386 πολὺς
785 1312 905 1392 βίοτος.

258 1424 343 1500 χρην
365 1416 429 1501 γὰρ
452 1418 587 1501 μετρίας
610 1418 657 1494 εἰς
680 1416 845 1501 ἀλλήλους

259 1524 373 1606 φιλίας
394 1526 544 1607 θνητοὺς
567 1523 815 1607 ἀνακίρνασθαι

259 1626 314 1694 καί
336 1629 381 1714 μὴ
404 1631 487 1716 πρὸς
509 1631 613 1714 ἀκρον
636 1633 761 1715 μυελὸν
783 1641 905 1717 ψυχῆς,

261 1737 382 1802 εύλυτα
407 1734 437 1801 δ’
456 1732 542 1803 εἰναι
566 1735 757 1823 στέργηθρα
780 1749 914 1823 φρενῶν

261 1842 324 1909 ἀπό
347 1840 375 1906 τ’
394 1843 547 1909 ὤσασθαι
569 1840 626 1910 καί
650 1828 825 1923 ξυντεῖναι.

259 1951 296 2017 τὸ
321 1948 350 2016 δ’
373 1945 457 2033 ὑπὲρ
480 1953 606 2018 δισσῶν
629 1954 709 2036 μίαν
733 1952 869 2018 ὠδίνειν

259 2059 369 2144 ψυχὴν
393 2061 538 2146 χαλεπὸν
561 2059 678 2144 βάρος,
701 2061 747 2138 ὡς
769 2059 858 2145 κάγὼ

258 2162 351 2249 τῆσδ’
368 2166 553 2252 ὑπεραλγῶ.

258 2276 374 2357 βιότου
398 2272 429 2338 δ’
447 2273 594 2359 ἀτρεκείς
616 2273 841 2359 ἐπιτηδεύσεις

258 2377 345 2465 φημί
368 2380 530 2464 σφάλλειν
553 2381 656 2447 πλέον
678 2381 699 2465 ἢ
722 2381 854 2466 τέρπειν

258 2496 296 2572 τῇ
318 2484 356 2553 θ’
373 2487 483 2575 ὑγιεία
506 2494 633 2574 μᾶλλον
655 2493 822 2575 πολεμεῖν.

260 2594 346 2660 οὕτω
370 2597 407 2660 τὸ
431 2598 508 2662 λίαν
531 2592 637 2680 ησσον
662 2595 785 2662 ἐπαινῶ
893 2626 894 2629 “

258 2711 319 2767 τοῦ
341 2700 447 2787 μηδὲν
469 2703 571 2787 ἄγαν·

257 2807 310 2873 καί
334 2810 546 2895 ξυμφήσουσι
569 2813 675 2895 σοφοί
694 2835 759 2896 μοι.

141 2920 212 2981 XO.
257 2916 357 3000 γύναι
379 2917 511 3003 γεραιοί,
536 2919 708 3000 βασιλίδος
730 2921 829 3003 πιστὴ
853 2920 974 3004 τροφέ,

259 3025 408 3109 Φαίδρας
432 3024 562 3109 ὁρῶμεν
585 3025 685 3091 τάσδε
709 3027 896 3110 δυστήνους
919 3029 1033 3112 τύχας,

258 3132 368 3215 ἀσημα
392 3127 423 3195 δ’
440 3131 520 3216 ἡμῖν
543 3133 614 3216 ἥτις
637 3131 727 3198 ἐστίν
750 3133 771 3216 ἡ
794 3137 909 3213 νόσος·

256 3246 319 3303 σοῦ
342 3235 372 3302 δ’
391 3237 433 3303 ἂν
456 3236 629 3304 πυθέσθαι
652 3238 706 3305 καί
730 3241 844 3307 κλύειν
867 3240 1063 3326 βουλοίμεθ’
1081 3244 1131 3307 ἀν.
1215 3260 1268 3308 270

212 3538 264 3586 245
283 3530 368 3587 ίσσοιν
387 3532 434 3599 ΡΙ
450 3530 540 3600 δοίκρυ
560 3532 578 3601 ἰ,
597 3531 707 3599 δάκρυα
722 3533 905 3587 AEaBLP
962 3539 1014 3587 246
1034 3533 1183 3607 αἰσχύναν]
1202 3535 1270 3589 Din-

125 3612 197 3681 dod,
225 3613 361 3683 αἰσχύνην
379 3612 447 3667 libri
537 3618 588 3666 247
608 3614 722 3682 γνώμαν
740 3615 806 3681 LP,
834 3615 948 3684 γνώμην
966 3614 1068 3683 reliqui
1158 3623 1209 3670 249
1229 3638 1271 3686 γι-

125 3691 260 3748 νάσκοντ’
277 3694 398 3747 ACLP
425 3696 429 3761 Ι
459 3690 632 3748 ἀπολλύσθαι
652 3694 679 3746 Β
758 3699 809 3747 250
828 3697 926 3747 notam
944 3697 1041 3749 οεοῦ
1112 3701 1163 3750 252
1183 3697 1271 3751 πολλὰ

122 3772 154 3827 δὲ
174 3775 204 3827 ελ
221 3772 282 3845 βίος
301 3774 362 3828 LP
414 3779 466 3826 253
477 3792 517 3842 sq.
537 3771 651 3842 μετρίαν
662 3817 667 3827 .
679 3818 685 3830 .
696 3771 795 3843 φιλίαν
813 3777 938 3837 θνατοὺς
957 3774 1030 3829 Plut.
1041 3776 1110 3831 Mor.
1122 3795 1148 3846 p.
1165 3778 1234 3831 957]

123 3859 176 3907 254
195 3851 291 3923 φιλίας
309 3855 426 3925 βροτοὺς
445 3855 472 3907 Β
493 3854 497 3926 Ι
518 3852 729 3923 ἀνακρίνασθαι
748 3856 775 3908 Α
795 3858 824 3909 et
842 3858 908 3908 ante
928 3872 996 3910 corr.
1017 3857 1057 3925 B,
1077 3857 1146 3925 quid
1166 3859 1193 3911 B
1212 3875 1270 3913 cor-

122 3933 213 4004 rigere
232 3933 351 3989 voluerit
374 3934 648 4004 (ἀνακοινοῦσθαιλ),
676 3952 732 3989 non
755 3938 836 4006 patet
944 3942 996 3989 256
1015 3935 1186 4009 στέργηθρα]
1204 3937 1270 3993 θέλ-

123 4034 211 4085 γητρα
230 4013 398 4069 Plutarchus
472 4020 523 4070 258
543 4013 656 4071 ὠδίνειν
676 4019 800 4071 correcto
819 4034 844 4070 ει
862 4032 896 4069 ex
915 4036 931 4084 η
951 4016 978 4069 Α
1043 4022 1094 4069 259
1115 4019 1235 4086 ψυχάνί

121 4100 173 4149 262
192 4096 276 4166 φημὶ]
296 4095 433 4165 Ε.Κοτ6τ,
453 4097 521 4164 φασὶ
541 4095 607 4149 libri
626 4099 724 4166 (φασὶν
738 4097 814 4162 ΑΕ)
831 4100 835 4165 Ι
852 4095 970 4165 σφάλειν
989 4097 1052 4150 ΒΡ
1114 4104 1166 4151 263
1186 4097 1268 4169 ὑγεία

122 4176 182 4230 BG
266 4182 317 4230 265
337 4193 390 4230 om.
410 4178 446 4244 L,
464 4177 559 4231 2de
649 4184 700 4232 267
720 4177 824 4248 γηραιοί
844 4179 870 4231 Β
961 4183 1013 4231 268
1032 4177 1115 4232 τάσδε
1135 4196 1168 4231 ex
1187 4183 1270 4235 τᾶσδε

121 4255 190 4309 feeit
208 4255 244 4323 A,
262 4258 345 4326 τῆσδε
363 4256 514 4310 Markland
541 4259 545 4328 Ι
571 4256 621 4311 alii
642 4256 779 4326 Φαίδρας,
800 4258 854 4326 δρῶ
873 4256 924 4327 μὲν
943 4257 1050 4327 (Monk)
1067 4260 1151 4328 τῆσδε
1171 4261 1271 4327 δυστή-

123 4356 177 4392 νου
196 4337 307 4405 (Luzac)
326 4337 411 4407 τύχας
483 4343 534 4391 259
554 4338 621 4407 ἡμῖν
639 4337 714 4394 ἐστὶν
732 4338 793 4409 ἥτις
811 4340 837 4392 L
910 4342 962 4390 270
982 4347 1032 4392 σοῦ
1051 4337 1078 4392 δ’
1092 4337 1269 4395 ἐκπυθέσθαι

122 4415 272 4471 Blomfleld
288 4420 293 4486 Ι
308 4418 356 4471 καί
375 4418 451 4473 λύειν
469 4419 500 4472 Ε

176 4517 348 4570 Euripiden,
363 4517 509 4568 Hippolytus.
1095 4513 1110 4559 2
