3008 4944
604 327 772 379 oennrun
1219 330 1260 393 37

135 492 197 552 ΟΡ.
250 481 326 553 εἶεν.
365 487 398 566 ἐς
414 489 530 554 κοινὸν
550 486 659 572 λέγειν
673 491 743 573 χριΙ.
783 494 852 554 HT.
867 492 958 567 τίνος
972 490 1155 573 ἀναγκαίου
1169 490 1259 574 πτέρις

134 599 196 660 ΟΡ.
249 597 281 660 εἰ
297 593 422 680 λέγοιμ’
441 595 591 661 ἀστοῖσιν
611 594 723 661 ἐλθὼν
748 601 818 660 HT.
838 596 883 673 ὡς
897 597 1039 680 ἔδρασας
1053 600 1183 679 ἔνδικα;
1208 617 1259 666 775

134 705 197 766 ΟΡ.
249 699 348 786 πατρὶ
379 713 534 786 τιμωρῶν
563 700 594 786 γ’
622 701 774 787 ἐμαυτοῦ.
835 708 907 769 HT.
934 706 978 788 μὴ
1008 704 1049 769 οὐ
1077 706 1207 790 λάβωσί
1227 705 1258 771 σ’

861 811 1009 894 ἄσμενοι.

134 922 196 982 ΟΡ.
251 910 321 982 ἀλλ’
344 915 533 1000 ὑποπτήξας
555 927 663 1003 σιωπῇ
687 919 858 996 κατθάνω;
907 923 978 983 HT.
1003 921 1115 984 δειλὸν
1137 921 1221 986 τόδε.

134 1028 197 1089 ΟΡ.
248 1034 318 1101 πῶς
331 1022 373 1088 ἀν
388 1018 450 1089 οὖν
466 1022 593 1114 δρῴηνς
619 1029 692 1090 HT.
707 1029 791 1110 ἔχεις
805 1022 884 1110 τιν’,
896 1025 939 1110 ἢν
954 1024 1065 1111 μένης,
1080 1031 1261 1111 σωτηρίαν;

134 1135 196 1195 ΟΡ.
251 1131 313 1197 οὐκ
335 1134 406 1215 έχω.
454 1136 526 1197 HT.
547 1135 685 1217 μολόντι
709 1129 740 1197 δ’
764 1131 855 1210 ἐλπίς
875 1132 945 1198 έστι
963 1139 1117 1217 σωθῆναι
1135 1146 1260 1213 nouom

134 1242 195 1302 ΟΡ.
248 1239 280 1303 ελ
304 1238 414 1323 τύχοι,
442 1236 564 1322 γένοιτ’
586 1240 635 1305 nv.
682 1243 754 1305 HT.
778 1240 903 1306 οὐκοῦν
929 1249 1029 1305 τοῦτο
1057 1241 1259 1326 κρεῖσσονῆ

860 1343 982 1430 μένειν.
1209 1365 1260 1412 780

134 1457 196 1517 ΟΡ.
249 1453 332 1517 ἀλλά
351 1450 420 1537 δῆτ’
445 1456 544 1519 ἔλθω.
591 1458 662 1518 HT.
681 1453 799 1519 θανὼν
818 1462 901 1536 γοῦν
921 1449 986 1520 ὧδε
1005 1448 1141 1519 κάλλιον
1160 1459 1260 1539 θανῇ.

135 1563 197 1625 ΟΡ.
250 1555 288 1625 εὖ
320 1558 441 1644 λέγεις·
478 1562 593 1646 φεύγω
625 1562 662 1625 τὸ
696 1561 808 1626 δειλὸν
839 1562 927 1646 τῇδε.
983 1564 1055 1625 HT.
1082 1564 1209 1645 μᾶλλον
1239 1561 1260 1645 ἢ

859 1666 978 1752 μένων.
1208 1684 1260 1734 793

134 1778 198 1838 ΟΡ.
250 1772 305 1839 καὶ
328 1776 366 1839 τὸ
389 1776 524 1859 πρᾶγμά
546 1768 577 1858 γ’
600 1776 733 1840 ἔνδικόν
757 1798 821 1859 μοι.
868 1780 939 1839 HT.
963 1777 1000 1840 τὸ
1025 1776 1136 1840 δοκεῖν
1160 1775 1261 1860 εὔχου

860 1886 975 1965 μόνον.
1209 1899 1259 1948 τοι

134 1993 197 2054 ΟΡ.
250 1992 309 2055 καί
324 2013 374 2066 τις
391 1989 434 2053 ἀν
452 1989 491 2072 γε’
508 1984 542 2072 μ’
561 1989 713 2053 οἰκτίσειε
751 1993 823 2054 HT.
839 1986 921 2073 μέγα
941 1990 1004 2074 γάρ
1019 1988 1175 2074 ηὑγένειά
1188 2009 1260 2057 σον.

133 2101 196 2161 ΟΡ.
248 2096 400 2161 θάνατον
431 2095 605 2181 ἀσχάλλων
638 2102 801 2183 πατρῷον.
859 2101 930 2161 HT.
961 2098 1068 2162 πάντα
1101 2092 1192 2162 ταῦτ’
1224 2096 1261 2162 ἐν
1343 2133 1353 2157 .

862 2205 1015 2288 ὄμμασιν.
1209 2220 1261 2270 785

134 2316 196 2376 ΟΡ.
250 2309 354 2395 ἰτέον,
373 2310 418 2387 ὡς
436 2310 607 2394 ἄνανδρον
625 2308 749 2386 ἀκλεῶς
762 2316 952 2375 κατθανεῖν.
989 2315 1062 2376 HT.
1077 2311 1159 2376 αἰνῶ
1173 2311 1261 2376 τάδε.

135 2423 198 2484 ΟΡ.
251 2414 271 2502 ἦ
291 2419 439 2503 λέγωμεν
458 2411 521 2483 οὖν
539 2417 668 2500 ἀδελφῇ
686 2412 776 2481 ταῦτ’
795 2415 870 2501 ἐμῇς
908 2421 979 2482 HT.
998 2419 1042 2501 μὴ
1061 2419 1143 2498 πρὸς
1161 2423 1261 2483 θεῶν.

134 2530 196 2590 ΟΡ
250 2526 378 2609 δάκρυα
404 2533 489 2608 γοῦν
516 2520 639 2608 γένοιτ’
667 2524 717 2589 ἄν.
769 2528 840 2589 HT.
864 2523 989 2588 οὐκοῦν
1017 2518 1115 2601 οὗτος
1143 2526 1262 2602 οἰωνὸς

860 2628 970 2715 μέγας.

134 2745 196 2805 ΟΡ.
251 2740 379 2824 δηλαδὴ
407 2747 505 2822 σιγᾶν
528 2738 675 2821 ἄμεινον.
722 2741 794 2802 HT.
817 2745 863 2825 τῷ
887 2740 997 2826 χρόνῳ
1021 2734 1057 2802 δέ
1081 2738 1261 2821 κερδανεῖς.

134 2852 196 2912 ΟΡ.
249 2849 340 2912 κεῖνό
368 2870 425 2929 μοι
452 2848 558 2930 μόνον
581 2848 771 2929 πρόσαντες.
818 2848 891 2911 HT.
913 2846 948 2908 τί
972 2845 1049 2909 τόδε
1078 2845 1195 2908 καινὸν
1218 2840 1262 2910 αὖ

860 2950 982 3034 λέγεις;
1210 2969 1261 3017 790

134 3065 196 3125 ΟΡ.
248 3063 292 3147 μὴ
307 3063 389 3126 θεαί
399 3055 432 3145 μ’
444 3066 565 3149 οἴστρῳ
580 3055 774 3144 κατάσχωσ’.
800 3063 870 3124 HT.
882 3059 965 3124 ἀλλὰ
980 3060 1131 3144 κηδεύσω
1146 3054 1177 3122 σ’
1188 3058 1261 3143 ἐγώ.

134 3172 198 3232 ΟΡ.
252 3164 409 3252 δυσχερὲς
422 3169 543 3248 ψαύειν
557 3175 740 3244 νοσοῦντος
754 3166 887 3250 ἀνδρός.
912 3170 983 3233 HT.
994 3167 1055 3231 οὐκ
1068 3167 1179 3250 ἔμοιγε
1190 3175 1262 3231 σοῦ.
1276 3244 1281 3253 ‚

280 3332 328 3339 ...-

204 3429 219 3478 7
223 3430 255 3479 76
274 3424 405 3496 ἔδρασας]
420 3423 541 3494 ἔπραξας
555 3425 615 3478 BL
666 3427 717 3476 778
731 3432 866 3491 τιμωρῶν,
881 3431 902 3476 ὠ
917 3438 950 3476 ex
966 3421 980 3475 δ
995 3420 1080 3487 facto,
1099 3422 1126 3474 Β
1142 3421 1146 3491 Ι
1163 3417 1190 3491 γ’
1208 3439 1261 3475 om.

113 3505 189 3573 libri,
208 3505 321 3559 addidit
339 3504 488 3559 Kirchhoff
506 3505 510 3576 Ι
531 3505 564 3558 ot
585 3521 637 3558 om.
657 3501 731 3570 libri,
751 3501 892 3572 supplevit
910 3501 1023 3554 Brunck
1097 3507 1146 3555 777
1168 3501 1263 3571 δεινὸν

113 3583 178 3640 τόδε
197 3587 250 3640 αΕ
311 3591 433 3640 778-86
452 3588 534 3639 notos
554 3584 642 3638 Orest.
663 3600 716 3637 om.
736 3585 762 3637 L
823 3589 874 3636 778
894 3578 945 3636 οὖν
965 3579 1001 3635 ἂν
1020 3582 1080 3635 ΕΙ,
1097 3586 1100 3651 Ι
1117 3578 1208 3649 μένεις
1227 3583 1262 3648 Α,

113 3663 199 3736 μένης
218 3667 266 3733 A‘,
285 3664 382 3736 μείνῃς
400 3666 427 3719 L
496 3671 547 3719 779
566 3662 686 3734 μολόντα
706 3663 874 3717 recentiores
892 3660 959 3714 libri
978 3662 1134 3731 complures
1159 3667 1163 3730 Ι
1189 3661 1263 3716 ἐστιν

114 3745 230 3817 ἐκβῆναι
246 3748 273 3799 Β
347 3751 396 3799 781
418 3744 530 3800 κάλλιον
548 3749 652 3799 θανεῖν
666 3746 693 3799 L
709 3746 713 3814 Ι
730 3761 824 3797 versus
844 3745 990 3811 suspectus
1059 3748 1110 3796 789
1129 3745 1195 3812 post
1212 3747 1262 3795 783

113 3825 289 3895 transposuit
316 3826 367 3880 Th.
388 3825 486 3880 Morell
578 3831 628 3878 789
648 3823 761 3893 πρᾶγμά
785 3821 811 3894 γ’
834 3821 1003 3878 recentiores
1031 3821 1160 3876 nonnulli
1188 3821 1263 3889 libri,

114 3903 220 3974 πρᾶγμ’
240 3907 296 3974 08,
315 3913 423 3975 πρᾶγος
441 3905 525 3973 Weil,
543 3905 606 3959 fort.
627 3903 732 3974 πρᾶγμ’
750 3901 805 3959 ἐστ’
825 3906 829 3974 Ι
845 3909 883 3976 τῷ
903 3906 999 3957 δοκεῖν
1014 3904 1048 3971 L,
1067 3903 1098 3957 τὸ
1118 3901 1149 3956 δὲ
1169 3905 1264 3957 δοκεῖν

114 3986 228 4052 Bornos,
248 3988 281 4041 ob
299 3987 331 4041 τὸ
351 3989 445 4041 δοκεῖν
464 3985 612 4041 Kirchhoff
664 3991 715 4039 783
734 3986 783 4039 καὶ
802 3987 905 4054 μᾶλλον
924 3984 986 4038 ΕΟ
1041 3989 1092 4037 784
1112 3981 1139 4053 γ’
1157 3979 1199 4051 ἔμ’
1217 3983 1261 4054 ΕΙ

115 4066 151 4121 ἄν
175 4065 205 4135 μ’
224 4064 387 4122 ἐποικτίσειε
411 4067 553 4121 Hermann
578 4070 582 4135 Ι
607 4063 752 4121 οἰκτίσειεν
771 4066 832 4119 ΕΟ
858 4070 861 4135 Ι
887 4061 1018 4134 ἡόγένεια
1037 4085 1068 4131 α,
1096 4063 1113 4132 ἡ
1138 4062 1263 4132 εὐγένεια

115 4146 202 4201 ceteri
217 4150 222 4218 Ι
239 4164 282 4202 σοι
300 4148 328 4201 Β
401 4153 452 4201 786
472 4145 599 4218 ἀσχάλων
617 4147 676 4214 Rs,
696 4143 840 4216 ἀσχάλλων
859 4147 869 4199 l
884 4148 888 4216 Ι
905 4142 990 4198 ταῦθ’
1013 4146 1059 4208 ΑΙ
1077 4143 1179 4213 ὄμμασι
1199 4144 1226 4196 Β

116 4233 167 4281 786
186 4232 343 4282 κατθανεῖν
366 4228 406 4295 L,
434 4228 465 4282 τὸ
489 4231 644 4283 κατθανεῖν
668 4226 754 4280 ceteri
779 4230 783 4296 Ι
810 4228 870 4280 HT.
895 4242 949 4279 om.
973 4225 1000 4278 L
1025 4227 1029 4294 Ι
1055 4224 1120 4278 fort.
1144 4222 1209 4278 τόδε

116 4312 167 4361 787
185 4304 300 4378 λέγομεν
315 4309 343 4364 A
359 4309 363 4379 Ι
378 4305 455 4362 τοῦτ’
473 4307 640 4362 recentiores
658 4305 725 4360 libri
787 4310 839 4360 788
859 4304 969 4374 δάκρυά
989 4302 1014 4374 γ’
1037 4301 1073 4358 ἂν
1092 4304 1133 4372 Β,
1152 4301 1262 4369 δάκρυα

116 4386 168 4458 γὰρ
183 4403 339 4456 anonymus
384 4393 434 4441 789
449 4384 539 4459 χρόνῳ
553 4405 584 4458 γε
597 4387 634 4454 Β,
648 4385 738 4459 χρόνῳ
753 4386 806 4457 γάρ
821 4406 839 4442 o
883 4390 934 4439 790
949 4385 1051 4439 καινὸν
1064 4381 1204 4454 ἀγγέλλεις
1217 4381 1261 4436 vel

116 4469 240 4538 ἀγγελεῖς
254 4466 423 4521 recentiores
439 4466 504 4520 libri
546 4474 596 4520 791
612 4466 700 4540 ὕστρῳ
712 4467 737 4520 G
754 4470 758 4538 Ι
774 4464 931 4536 κατάσχωσι
943 4466 978 4533 Β,
992 4463 1166 4535 κατάσχωσιν
1176 4461 1262 4516 ceteri
