3052 4934
603 319 783 370 ΤΡΩΙΑΔΕΣ

252 480 308 547 καλ
330 482 433 566 τέρμα
456 482 590 546 πάντων
612 492 680 546 τῶν
704 482 792 565 ἐμῶν
815 483 879 565 ἥδη
903 493 1025 547 κακῶν·

253 591 355 674 ἔξειμι
376 590 551 674 πατρίδος,
575 591 671 666 πόλις
692 588 876 672 ὑφάπτεται
898 593 989 671 πυρί.

251 694 338 777 ἀλλ’,
364 691 390 761 ὦ
412 693 525 781 γεραιέ
547 697 646 778 πούς,
671 695 873 761 ἐπίσπευσον
896 697 1005 781 μόλις,

251 804 296 881 ὡς
318 802 514 888 ἀσπάσωμαι
537 803 601 886 τὴν
622 805 835 888 ταλαίπωρον
857 805 964 868 πόλιν.

251 906 428 994 ὧμεγάλα
452 906 589 995 δήποτ’
612 908 792 994 άμπνέουσ
816 909 854 976 ἐν
878 911 1060 994 βαρβάροις
1138 898 1142 904 ’

238 1021 373 1111 ΔΤροία,
396 1019 434 1083 τὸ
456 1019 590 1083 κλεινὸν
613 1015 708 1102 ὄνομ’
730 1017 902 1102 ἀφαιρήσῃ
925 1018 1015 1102 τάχα.

249 1128 416 1209 πιμπρᾶσί
436 1119 481 1207 σ’,
505 1123 588 1209 ἡμᾶς
611 1122 640 1190 δ’
665 1122 816 1209 έξάγουσ)
839 1125 903 1208 ἤδη
928 1126 1054 1209 χθονὸς

252 1234 385 1308 δούλας·
410 1232 449 1297 λδ)
472 1234 557 1297 θεοί.
604 1230 658 1296 καλ
682 1234 716 1295 τί
735 1234 814 1309 τοὺς
835 1234 939 1308 θεοὺς
962 1235 1065 1309 καλῶ,

250 1337 304 1405 καλ
327 1337 407 1422 πρὶν
430 1340 493 1423 γάρ
518 1339 580 1404 οὐκ
603 1340 751 1422 ἤκουσαν
775 1325 1048 1422 ἀνακαλούμενοι.

127 1528 131 1541 .
247 1443 322 1530 φέρ’
345 1445 378 1522 ές
400 1446 511 1538 πυράν
535 1446 722 1530 δράμωμεν·
747 1446 792 1522 ὡς
814 1445 972 1510 κάλλιστά
995 1468 1058 1529 μοι

249 1555 313 1618 σὺν
336 1554 413 1638 τῇδε
438 1554 572 1637 πατρίδι
595 1558 777 1618 κατθανεῖν
800 1551 1004 1637 πυρουμένῃ.

197 1712 203 1724 .
250 1659 448 1747 ἐνθουσιᾷς,
472 1661 630 1744 δύστηνε,
653 1671 724 1736 τοῖς
747 1670 870 1743 σαυτῆς
891 1670 1014 1736 κακοῖς.

248 1765 319 1831 ἀλλ’
340 1769 450 1850 άγετε,
473 1768 517 1852 μὴ
542 1764 711 1850 φείδεσθ’·
733 1760 914 1843 Ὀδυσσέως
937 1763 974 1831 δὲ
997 1767 1060 1850 χρὴ

248 1874 280 1951 ἐς
302 1886 395 1960 χεῖρα
420 1876 539 1939 δοῦναι
562 1875 661 1957 τήνδε
685 1872 740 1938 καλ
763 1871 904 1958 πέμπειν
929 1871 1035 1958 γέρας.

197 2103 204 2117 .
251 2052 485 2118 ὀτοτοτοτοτοῖ.

249 2161 389 2244 Κρόνιε,
411 2161 554 2244 πρύτανι
581 2160 723 2242 Φρύγιε,
747 2158 864 2242 γενέτα

245 2267 366 2350 πάτερ,
392 2265 509 2345 άνάξια
532 2275 588 2342 τάς
612 2266 797 2346 Δαρδάνου

245 2383 347 2456 γονᾶς
371 2371 443 2437 τάδ’
466 2365 519 2438 οἷα
541 2373 710 2457 πάσχομεν
734 2372 909 2466 δέδορκας;

191 2533 198 2545 .
246 2479 419 2562 δέδορκεν,
443 2479 464 2545 ά
488 2476 524 2544 δέ
547 2481 766 2564 μεγαλόπολις

245 2589 362 2665 άπολις
385 2589 510 2653 ὄλωλεν
534 2585 606 2663 οὐδ’
631 2585 675 2652 ἔτ’
689 2589 767 2652 Ιἔστι
801 2590 910 2669 Τροία.

195 2743 202 2757 .
250 2693 483 2759 ὀτοτοτοτοτοῖ.
886 2709 892 2718 “

246 2799 410 2885 λέλαμπεν
424 2800 526 2878 Ἴλιος
548 2825 624 2885 περ·

248 2911 363 2992 γάμων
385 2932 420 2974 τε
443 2907 524 2994 πυρλ
547 2913 739 2975 καταίθεται
762 2909 907 2993 τέραμνα

247 3013 301 3080 καλ
324 3018 420 3093 πόλις
442 3018 526 3101 άκρα
550 3040 584 3081 τε
606 3015 750 3101 τειχέων.

193 3174 200 3188 .
247 3122 383 3207 πτέρυγι
408 3121 444 3188 δὲ
467 3124 591 3200 καπνὸς
615 3124 658 3200 ὥς
681 3147 730 3199 τις
753 3124 809 3188 οὐ-

248 3231 348 3315 ρανίᾳ
370 3239 517 3295 πεσοῦσα
543 3228 618 3311 δορλ
641 3233 839 3314 καταφθίνει
863 3240 914 3314 γᾶ.

248 3338 373 3420 μαλερὰ
396 3336 548 3420 μέλαθρα
570 3335 650 3422 πυρὶ
674 3337 865 3422 κατάδρομα
988 3386 995 3392 -
1193 3355 1261 3402 1300

249 3444 338 3531 δαλφΙ
355 3467 390 3508 τε
414 3446 525 3531 λόγχᾳ.
558 3524 563 3533 Ι

131 3626 200 3687 ΕΚ.
247 3623 286 3686 ἰὼ
309 3631 352 3704 γᾶ
374 3625 514 3706 τρόφιμε
537 3634 605 3687 τῶν
629 3622 716 3706 ἐμῶν
740 3621 873 3688 τέκνων.
1094 3623 1215 3707 stroph.

140 3881 144 3891 *
203 3822 271 3869 1273
294 3824 350 3870 τῶν
377 3810 450 3884 έμῶυ
473 3815 539 3888 ἤδη]
563 3816 723 3886 Μοεμζτονθ,
752 3814 806 3884 ἤδη
830 3825 885 3870 τῶν
909 3815 982 3884 ἐμῶν
1005 3815 1083 3884 libri,
1112 3809 1182 3885 ἦλθε
1205 3827 1261 3873 τῶν

113 3896 187 3965 ἐμῶν
205 3895 306 3950 Nauck
322 3899 326 3964 Ι
342 3911 438 3949 versus
458 3899 604 3966 suspectus
660 3901 728 3949 1276
747 3895 908 3963 ἁρπάσομαι
925 3896 961 3963 Β,
981 3894 1180 3966 άποσπάσομαι
1195 3899 1228 3952 Ν

115 3982 181 4030 1277
206 3972 354 4045 έμπνέουσ’
376 3976 410 4029 Η
430 3980 459 4029 et
480 3975 580 4031 Christ.
605 3979 661 4046 pat.
683 3981 752 4029 1704
844 3982 912 4029 1278
936 3975 1069 4049 άφγρήσφ
1092 3977 1121 4031 L.
1142 3977 1264 4032 Dindorf

147 4062 235 4117 ,1279
260 4073 392 4124 πιμπρα*
415 4055 488 4125 ἡμᾶς
511 4054 539 4110 δ’
567 4059 595 4111 Ρ
619 4065 759 4125 πιμπρασϊ
780 4054 808 4109 δ’
834 4056 907 4125 ἡμᾶς
926 4073 948 4126 p
977 4061 981 4127 Ι
1011 4055 1058 4127 ἴδη
1079 4058 1103 4112 O
1192 4064 1261 4113 1280

113 4138 231 4199 δούλους
253 4135 377 4204 Elmsley
469 4143 537 4190 1283
556 4134 677 4205 πατρίδι]
702 4137 737 4191 Ρ
819 4142 887 4190 1284
911 4141 970 4193 ΧΟ.
995 4139 1023 4192 P
1050 4142 1054 4207 Ι
1083 4148 1142 4200 τοῖς
1165 4140 1261 4202 αὐτοῖς

113 4217 179 4270 ΒΝ
258 4221 328 4269 1286
347 4216 373 4269 ελ
393 4216 415 4271 O
442 4218 447 4286 Ι
476 4226 570 4286 χεῖρας
588 4219 622 4271 Ν
703 4222 769 4269 1287
790 4221 819 4270 et
839 4224 908 4272 1294
927 4218 1134 4273 ὀττοτοτοτοτοῖ
1154 4220 1209 4273 ΟΡ
1298 4221 1301 4226 ’

116 4301 184 4350 1289
203 4296 269 4361 ἄξια
291 4297 333 4363 01
349 4304 398 4365 τῆς
416 4299 450 4365 Ρ,
468 4299 552 4352 τᾶσδε
573 4295 787 4366 ΟΙδαρδανλου
807 4300 834 4352 Ρ
905 4305 974 4352 1292
993 4297 1057 4353 οὐδ’
1080 4296 1118 4353 ἔτ’
1135 4301 1174 4365 Η,
1194 4297 1261 4351 οὐδέ

113 4373 137 4428 τ’
155 4376 256 4441 ΒΝΡ,
277 4373 382 4430 ούδὈ
453 4383 521 4431 1295
540 4376 617 4447 ἥλιος
635 4378 668 4432 N
738 4384 805 4432 1296
824 4397 853 4432 τε
872 4396 925 4433 om.
945 4381 973 4434 P
1045 4385 1113 4433 1298
1133 4377 1163 4441 ὅς
1180 4379 1264 4439 τιςΟ

168 4461 236 4509 1800
257 4459 365 4529 μαλερῷ
382 4457 407 4512 J.
423 4457 455 4511 G.
471 4457 624 4512 Schneider
