3008 4942
603 273 795 323 ΦΟΙΝΙΣΣΛΙ

256 434 338 515 πρὸς
361 429 452 497 ταῦτ’
475 437 533 497 ίτω
558 429 619 516 μέν
642 442 719 517 πῦρ,
744 440 802 497 ίιώ
827 431 863 498 δὲ
885 434 1051 518 φάσγανα,

257 538 440 621 ζεύγνυσθε
464 535 495 602 δ’
518 539 649 621 ἵππους,
673 541 771 604 πεδία
794 539 957 624 πίμπλαθ’
981 540 1146 625 ἁρμάτων,

255 644 299 721 ώς
322 644 364 709 οὐ
386 648 525 729 παρήσω
548 643 629 733 τῷδ’
651 645 733 730 ἐμὴν
756 649 948 730 τυραννίδα.

255 757 346 832 είπερ
370 753 433 837 γάρ
457 751 585 818 ἀδικεῖν
608 755 681 837 χρη,
705 756 904 837 τυραννίδος
926 753 1002 839 πέρι

254 859 431 924 κάλλιστον
454 859 593 940 ἀδικεῖν,
616 861 719 926 τάλλοι
743 859 773 924 δ’
795 859 946 944 εὐσεβεῖν
969 863 1084 947 χρεών.

141 970 209 1030 XO.
256 965 318 1031 οὐκ
341 960 379 1030 εὖ
403 964 512 1049 λέγειν
535 968 597 1052 χρὴ
621 968 665 1051 μὴ
686 965 735 1032 πὶ
757 980 827 1045 τοῖς
850 971 960 1052 ἔργοις
982 973 1108 1046 καλοῖς·

249 1072 295 1165 οὐ
319 1072 382 1156 γὰρ
405 1074 509 1138 καλὸν
531 1068 636 1155 τοῦτ’,
660 1073 744 1139 ἀλλὰ
766 1084 804 1160 τῇ
829 1076 904 1160 δίκη
928 1078 1055 1159 πικρόν.

139 1182 197 1244 ΙΟ.
256 1173 433 1262 ώτίκνον,
458 1179 519 1264 οὐχ
542 1180 671 1245 ἅπαντα
693 1190 739 1268 τῷ
762 1185 848 1268 γηρηι
872 1182 966 1264 κακά,

251 1283 443 1368 Ἐτεόκλεες,
466 1289 659 1371 πρόσεστιν·
682 1283 754 1353 ἀλλ’
775 1287 932 1374 ἡμπειρία

254 1396 321 1478 ἔχει
344 1418 375 1459 τι
398 1392 489 1472 λίξαι
512 1404 579 1459 τῶν
601 1394 690 1460 νέων
713 1397 914 1479 σοφώτερον.

253 1504 289 1566 τί
309 1511 365 1584 τῆς
388 1503 543 1585 κακίστης
567 1503 736 1586 δαιμόνων
760 1501 887 1586 ἐφίεσαι

254 1612 454 1692 φιλοτιμίας,
478 1620 551 1686 παῖς
576 1609 620 1692 μὴ
645 1606 753 1691 σύγ’·
777 1610 890 1686 ἄδικος
912 1609 932 1693 ἡ
956 1612 1050 1686 θεός·

253 1718 399 1791 πολλοὺς
422 1713 453 1780 δ’
477 1713 510 1791 ἐς
533 1720 645 1791 οίκους
668 1713 723 1779 καί
749 1718 858 1793 πόλεις
882 1716 1083 1800 εὐδαίμονας

254 1821 375 1905 ἐσῆλθε
398 1818 537 1906 κάξῆλθ’
560 1819 611 1887 ἐπ’
633 1821 764 1910 ὀλέθρῳ
788 1833 855 1887 τῶν
877 1821 1072 1907 χρωμένων·

255 1925 307 2012 ἐφ’
330 1919 351 2014 ᾗ
376 1931 418 1993 σὺ
442 1931 552 2014 μαίυη.
597 1939 690 1993 κεῖνο
713 1929 862 2013 κάλλιον,
883 1927 1011 2015 τέκνον,
1214 1948 1266 1996 535

257 2036 391 2117 ίσότητα
415 2044 523 2119 τιμάν,
547 2035 567 2118 ἣ
592 2040 712 2119 φίλους
735 2033 785 2100 άελ
808 2039 920 2119 φίλοις

254 2143 366 2219 πόλεις
389 2166 423 2206 τε
446 2143 562 2207 πόλεσι
585 2142 778 2227 συμμάχους
800 2166 834 2207 τε
859 2143 1042 2228 συμμάχοις

255 2251 382 2314 συνδεῖ·
406 2249 443 2314 τὸ
467 2250 530 2334 γάρ
555 2255 630 2314 ίσον
652 2251 796 2334 νόμιμον
819 2248 1012 2333 ἀνθρώποις
1035 2253 1111 2335 ἔφυ,

254 2362 298 2442 τῷ
321 2353 438 2420 πλέονι
462 2350 493 2420 δ’
515 2352 580 2421 αίελ
602 2354 761 2439 πολέμιον
784 2358 982 2422 καθίσταται

254 2461 442 2527 τοῦλασσον
465 2460 588 2546 ἐχθρᾶς
610 2457 647 2527 θ’
668 2460 791 2546 ἡμέρας
813 2464 1016 2548 κατάρχεται.

253 2567 305 2634 καλ
331 2569 394 2654 γὰρ
418 2565 506 2654 μέτρ’
529 2567 739 2651 ἀνθρώποισι
762 2568 817 2635 καί
840 2569 922 2656 μέρη
947 2577 1106 2657 σταθμῶν

255 2677 366 2759 ίσότης
388 2675 479 2754 ἔταξε
501 2674 670 2759 κάριθμὸν
693 2677 839 2761 διώρισε,

253 2785 373 2860 νυκτός
395 2779 424 2848 τ’
447 2779 588 2867 άφεγγές
611 2781 781 2869 βλέφαρον
804 2785 900 2869 ἡλίου
922 2809 958 2850 τε
981 2797 1053 2870 φῶς

254 2896 330 2957 ίσον
353 2892 477 2974 βαδίζει
500 2891 559 2956 τὸν
583 2890 753 2957 ἐνιαύσιον
775 2892 909 2975 κύκλον,

191 3109 242 3157 521
262 3100 338 3157 τοῦτ’
355 3104 383 3156 Β
401 3111 438 3156 αῦ
453 3119 536 3173 super
551 3110 584 3157 οῦ
599 3120 650 3157 scr.
666 3104 681 3157 b
698 3104 702 3172 Ι
718 3101 749 3157 δὲ
764 3119 817 3157 om.
832 3104 882 3174 ΕΙ
899 3102 1088 3175 φάσγανονβ
1138 3111 1190 3159 522
1208 3105 1266 3171 ζεό-

121 3182 223 3253 γνυοθ’
249 3181 354 3246 ίππους
372 3183 435 3236 ΑΕ
458 3189 462 3250 l
487 3180 646 3251 πίμπλασθ’
667 3184 697 3237 Ε
781 3188 832 3236 523
856 3183 970 3252 μεθήσω
996 3186 1021 3239 G
1106 3192 1158 3239 525
1181 3185 1216 3239 τά
1235 3183 1263 3238 δ’
1306 3205 1311 3214 ·

121 3260 179 3316 ἄλλ’
200 3263 243 3331 Ε,
271 3258 355 3316 τᾶλλα
376 3260 405 3315 δ’
426 3264 453 3316 L
535 3269 586 3316 526
610 3262 680 3331 μήπι
700 3265 727 3317 Α
750 3263 819 3332 μὴπι
839 3263 880 3317 A*
903 3267 906 3332 Ι
930 3265 966 3334 μὴ
989 3268 1084 3327 καλοῖς
1107 3265 1198 3335 ἔργοις
1221 3265 1265 3319 ἔπι

121 3342 289 3397 Herwerden
361 3350 411 3397 527
436 3341 527 3415 τοῦτ’]
551 3341 612 3397 τόδ’
634 3344 665 3397 Ε
690 3346 719 3397 et
742 3344 860 3398 Ioannes
880 3343 1007 3400 Damaso.
1027 3348 1091 3415 posi
1110 3345 1186 3400 Siob.
1206 3345 1264 3399 Ecl.

121 3421 206 3477 Gaias.
226 3441 253 3493 p.
269 3429 329 3491 717,
349 3430 383 3477 29
400 3426 404 3494 Ι
420 3421 533 3495 πικρόν]
553 3423 625 3495 βαρύ
643 3424 680 3477 Io.
700 3423 829 3477 Damaso,
908 3430 959 3478 529
979 3424 1101 3487 έτέοκλες
1120 3426 1146 3479 G
1164 3444 1177 3479 ε
1199 3428 1265 3479 ante

121 3522 148 3565 ες
165 3502 285 3557 inseruit
301 3522 320 3574 η
336 3509 339 3571 Ι
356 3504 373 3574 ἡ
390 3502 515 3573 ’μπειρία
536 3504 634 3570 ΑΕΒ,
660 3503 797 3574 γράφεται
820 3505 869 3558 καλ
886 3505 957 3572 πρὸς
974 3504 1102 3572 δοτικήν,
1121 3503 1159 3559 ἵν’
1182 3501 1212 3577 ἦ·
1231 3514 1265 3577 τῇ

121 3583 172 3652 γάρ
192 3582 319 3659 ἐμπειρίᾳ
337 3585 369 3639 τὸ
384 3593 471 3655 γῆρας
486 3584 541 3655 ἔχει
559 3605 585 3638 τι
599 3582 675 3649 λέξαι
689 3586 848 3653 σοφώτερον
863 3584 948 3639 schol.
1005 3590 1054 3638 531
1073 3583 1160 3657 λέξαι]
1175 3586 1265 3651 δεῖξαι

121 3663 197 3718 ειοο.
216 3664 243 3717 fl.
264 3671 324 3733 ιιι,
345 3671 358 3718 1
432 3671 484 3719 εον
504 3667 537 3719 σε
556 3661 583 3734 γ’
605 3666 632 3720 Α
651 3665 684 3718 σῖ
703 3662 744 3735 γ’·
766 3664 808 3719 λ’
885 3671 1025 3719 τεο-εει
1045 3665 1187 3719 clausulae
1206 3683 1265 3720 ver-

121 3760 200 3797 suum
219 3742 264 3808 -ός
282 3766 330 3807 -ας
348 3765 401 3800 -ων
420 3745 477 3799 iam
495 3762 551 3799 non
571 3747 669 3799 extant
688 3744 717 3798 in
736 3747 763 3800 B
836 3750 888 3798 532
908 3744 1077 3818 φιλοτιμίας]
1102 3744 1265 3812 πλεονεξίας

121 3823 172 3878 Dio
191 3824 286 3893 Chrys.
309 3831 340 3880 17
360 3843 387 3895 p.
403 3828 471 3879 249¹*
568 3830 619 3879 533
643 3825 706 3878 fort.
730 3828 838 3880 πολλῶν
933 3832 985 3879 535
1009 3836 1086 3881 κεῖνο
1107 3872 1111 3881 .
1129 3871 1134 3882 .
1154 3825 1263 3898 τέκνον]

120 3914 200 3960 τοῦτο
220 3905 366 3961 κάλλιστον
385 3910 494 3977 βροτοῖς
513 3905 565 3960 Dio
581 3905 676 3974 Chrys.
732 3911 783 3959 536
802 3903 819 3974 ἢ
838 3910 907 3961 mut.
927 3906 957 3960 in
977 3905 992 3975 ί)
1013 3908 1073 3961 AB
1128 3912 1179 3960 537
1198 3908 1264 3975 ξυμ

121 3985 225 4056 μάχους
247 4004 276 4039 τε
299 3985 452 4056 ξυμμάχοις
471 3988 531 4040 AB
604 3992 655 4039 538
682 3981 742 4040 ἴσον
762 3988 789 4039 Β
810 3992 814 4053 Ι
835 3984 965 4058 νόμιμον]
989 3984 1108 4055 μόνιμον
1134 4004 1167 4041 ex
1191 3987 1264 4042 Plut.

121 4065 154 4119 de
177 4066 242 4119 frat.
262 4083 315 4120 am.
339 4084 366 4135 p.
385 4069 455 4121 484Β
478 4066 566 4135 καλὴν
584 4067 708 4135 κρηπῖδα
731 4067 779 4120 καί
802 4064 920 4136 μόνιμον
944 4065 1090 4135 ὁμονοίας,
1114 4067 1163 4136 qui
1187 4067 1264 4121 locus

121 4146 256 4200 referatur
276 4147 312 4199 ad
331 4146 381 4200 hos
401 4166 424 4200 v.
444 4163 538 4223 versas
557 4146 700 4215 Euripidis
720 4146 758 4199 ib.
782 4166 808 4216 p.
824 4148 895 4200 481Δ
918 4147 1029 4215 allatos,
1048 4147 1127 4201 elicii
1146 4147 1265 4202 Valcke-

121 4243 198 4295 ποετ,
223 4227 272 4281 cfr.
293 4227 378 4281 schol.
399 4220 514 4299 βέβαιον
537 4227 580 4281 vel
600 4226 723 4296 ἀσφαλὲς
745 4229 793 4281 καί
816 4225 932 4299 βέβαιον
1021 4234 1073 4282 539
1092 4226 1197 4283 πλείονι
1218 4227 1263 4300 Sl

122 4308 163 4362 ἀεὶ
184 4309 217 4377 (ι’,
237 4308 327 4362 αίείκ
411 4314 463 4362 540
482 4307 529 4380 θ’]
549 4306 576 4361 δ’
600 4306 822 4379 (τἸκατέρχεται
841 4310 872 4362 Ε
951 4315 1001 4362 541
1022 4307 1073 4378 γάρ
1093 4325 1146 4363 om.
1167 4309 1194 4361 L

122 4393 171 4441 542
190 4389 238 4442 καλ
257 4389 383 4457 ἀριθμὸν
401 4391 428 4443 L
444 4391 448 4460 Ι
464 4389 593 4456 διώρισεν
612 4388 695 4443 Aac}
770 4393 821 4442 543
842 4387 965 4459 ἀφεγγὴς
986 4389 1016 4442 Ε
1087 4395 1138 4442 544
1157 4385 1218 4442 ἴσον
1236 4388 1265 4442 Β
