3008 4944
261 272 284 335 4

261 436 298 500 οί
317 432 354 500 δὲ
379 433 520 520 Ἀργεῖοι
547 435 741 521 νικηθέντες
768 446 808 522 τη
835 436 922 523 μάχη
951 437 1176 522 ἀνεχώρησαν.
1222 435 1342 523 Κρέων
1373 436 1408 504 δὲ

262 545 430 628 δυσχερῶς
459 542 573 629 φέρων
601 547 680 622 τοὺς
709 541 771 629 μὲν
800 543 865 611 ὑπὸ
895 553 935 630 τῇ
966 546 1117 632 Καδμείᾳ
1146 557 1213 611 τῶν
1240 548 1408 631 πολεμίων

261 653 422 729 πεσόντας
449 651 511 716 οὐκ
539 652 663 716 ἔδωκεν
691 653 739 729 είς
765 654 892 736 ταφήν,
922 656 1136 735 Πολυνείκην
1164 650 1201 718 δὲ
1224 653 1408 736 άκήδεντον

261 760 412 842 ἔρριψεν,
438 760 603 824 Οἰδίπουν
626 755 663 824 δὲ
691 760 827 842 φυγάδα
853 768 912 843 τῆς
940 757 1093 848 πατρῴας
1123 758 1328 845 ἀπέπεμψεν,
1353 758 1404 843 ἐφ’

207 880 241 927 25
260 859 308 930 ὧν
332 862 393 950 μέν
418 865 459 931 οὐ
482 866 631 950 φυλάξας
652 867 712 932 τὸν
739 867 959 950 ἀνθρώπινον
986 868 1108 952 νόμον,
1136 864 1191 950 ἐφ’
1216 862 1264 932 ὧν
1288 864 1325 933 δὲ
1348 869 1408 952 την

260 971 365 1056 ἀρχὴν
388 977 610 1058 λογοποιήσας
633 970 713 1039 οὐδὲ
735 975 825 1057 παρά
847 974 909 1057 τὴν
934 974 1115 1059 δυστυχίαν
1138 973 1284 1058 ἐλεήσας.

348 1622 557 1702 Περιπαθεῐς
584 1618 669 1698 άγαν
697 1617 735 1681 αί
762 1618 941 1682 Φοίνισσαι
968 1625 1008 1701 τη
1035 1617 1213 1705 τραχφδίςι.
1260 1616 1406 1682 ἀπώλετο

257 1725 322 1808 γὰρ
342 1723 360 1789 ὁ
380 1723 549 1809 Κρέοντος
570 1725 644 1801 υίὸς
667 1723 731 1790 ἀπὸ
755 1732 816 1789 τοῦ
839 1727 967 1807 τείχους
990 1718 1074 1807 ὑπὲρ
1097 1733 1155 1807 τῆς
1177 1725 1305 1800 πόλεως
1328 1722 1406 1790 ἀπο-

257 1832 387 1915 θανών,
416 1830 589 1897 ἀπέθανον
617 1828 654 1896 δὲ
677 1828 732 1895 καὶ
760 1831 796 1896 oi
816 1831 879 1897 δύο
907 1829 1048 1913 ἀδελφοὶ
1075 1827 1132 1894 ὑπ’
1158 1829 1331 1914 ἀλλήλων,
1353 1828 1407 1895 καὶ

256 1928 403 2023 Ἰοκάστη
426 1938 447 2022 ἡ
471 1941 577 2024 μήτηρ
601 1937 733 2003 ἀνεῖλεν
756 1936 878 2023 ἑαυτὴν
905 1935 959 2002 ἐπὶ
986 1949 1055 2015 τοῖς
1082 1941 1192 2021 παισί,
1218 1934 1274 2002 καὶ
1298 1937 1335 2002 οί
1355 1935 1407 2003 ἐπὶ

224 2048 371 2129 οΟηβας
404 2046 683 2131 στρατευσάμενοι
703 2038 844 2130 Ἀργελοι
877 2044 1065 2128 ἀπώλοντο,
1095 2042 1151 2109 καλ
1183 2044 1311 2128 άταφος
1340 2049 1406 2110 nn

259 2155 413 2237 λννείκης
435 2155 622 2235 πρόκειται,
645 2149 700 2217 καὶ
724 2152 742 2218 ὁ
768 2153 931 2229 Οἰδίπους
953 2162 1012 2236 τῆς
1033 2153 1193 2235 πατρίδος
1216 2150 1406 2234 ἐκβάλλεται

257 2256 313 2324 καὶ
340 2261 405 2324 σὺν
433 2259 522 2348 αὐτῷ
551 2260 572 2344 ἡ
598 2260 753 2344 θυγάτηρ
772 2257 956 2343 Ἀντιγόνη.
1002 2261 1073 2325 ἔστι
1096 2255 1133 2324 δὲ
1156 2261 1194 2324 τὸ
1218 2259 1329 2343 δρᾶμα
1352 2256 1405 2323 καὶ

257 2369 525 2451 πολυπρόσωπον
547 2364 603 2432 καλ
625 2378 769 2452 γνωμῶν
791 2368 912 2452 μεστὸν
934 2371 1070 2432 πολλῶν
1091 2389 1126 2431 τε
1149 2364 1205 2431 καὶ
1227 2369 1350 2431 καλῶν.

350 2475 396 2539 Τὸ
416 2476 526 2559 δρᾶμα
545 2473 614 2540 έστι
633 2471 694 2559 μὲν
712 2484 784 2551 ταῖς
802 2485 974 2558 σκηνικαῑς
993 2476 1090 2552 ὄψεσι
1108 2475 1223 2557 καλόν,
1240 2473 1333 2556 <iau
1347 2467 1402 2557 tt>

207 2596 240 2642 10
259 2580 533 2666 ἐπεκσοδιῶδες>
550 2580 606 2647 καλ
624 2583 978 2666 παραπληρωματικόν.
1009 2583 1029 2665 ἥ
1048 2605 1082 2647 τε
1101 2581 1165 2646 ἀπὸ
1184 2591 1252 2646 τῶν
1272 2578 1405 2665 τειχέων

255 2685 426 2774 Ἀντιγόνη
449 2696 627 2774 θεωροῦσα
651 2687 752 2774 μέρος
779 2688 841 2754 οὐκ
868 2692 938 2756 ἔστι
961 2689 1137 2774 δράματος,
1160 2685 1216 2754 καὶ
1240 2687 1404 2754 ὑπόσπον-

258 2797 317 2873 δος
346 2800 556 2881 Πολυνείκης
586 2797 725 2874 οὐδενὸς
754 2794 850 2861 ἕνεκα
880 2798 1113 2881 παραγίνεται,
1143 2796 1161 2860 ὅ
1191 2819 1226 2860 τε
1250 2793 1304 2860 ε’πὶ
1327 2804 1404 2860 πᾶσι

257 2896 326 2988 μετ’
353 2900 440 2991 ᾠδῆς
468 2902 651 2988 ἀδολέσχου
674 2904 949 2988 φυχαδευόμενος
973 2904 1135 2980 Οἰδίπους
1157 2901 1404 2989 προσέρραπται

259 3011 314 3075 διά
336 3019 443 3094 κενῆς.

348 3293 380 3340 21
402 3285 434 3341 οἴ
447 3306 476 3341 τε
495 3306 513 3342 α
529 3289 533 3359 l
549 3295 583 3359 τῇ
602 3286 688 3360 μάχη]
707 3286 822 3352 Barnea,
841 3294 890 3356 τῆς
908 3285 998 3357 μάχης
1016 3285 1082 3339 libri
1138 3291 1171 3338 22
1191 3282 1298 3360 καδμίᾳ
1318 3286 1345 3339 Β

259 3374 293 3420 23
312 3365 462 3437 πολυνείιιη
481 3370 509 3422 Α
587 3373 621 3420 24
639 3365 782 3439 πατρῴας]
801 3364 938 3434 πατρίδος
956 3367 986 3420 Ε
1061 3372 1095 3420 25
1114 3365 1144 3418 in
1163 3367 1191 3420 B
1210 3365 1285 3418 inter
1303 3361 1356 3433 ὧν,
1377 3364 1404 3417 in

258 3449 334 3516 quod
353 3447 458 3502 desinit
475 3447 538 3502 folii
557 3453 591 3501 64
610 3447 717 3517 pagina
735 3463 847 3515 aversa,
874 3449 904 3500 et
922 3445 985 3516 pia,
1005 3464 1022 3500 a
1040 3464 1096 3515 quo
1114 3444 1217 3515 incipit
1235 3444 1283 3500 fol.
1304 3451 1347 3513 66,
1365 3445 1404 3498 in·

259 3532 363 3582 eertum
382 3533 426 3583 est
444 3528 542 3584 folium
561 3532 617 3597 (66)
636 3527 665 3580 in
685 3527 764 3581 euius
782 3526 875 3597 priore
893 3528 1000 3598 pagina
1019 3527 1064 3582 Or.
1086 3533 1154 3581 1682
1165 3544 1205 3597 eq.
1226 3542 1244 3579 a
1262 3544 1299 3580 m.
1314 3542 1405 3580 recen-

258 3608 338 3676 tiore,
357 3608 387 3662 in
404 3608 560 3679 posteriore
579 3608 615 3662 ab
636 3607 700 3661 aliis
718 3607 849 3662 manibus
864 3608 1023 3662 recentibus
1042 3608 1115 3663 duae
1138 3605 1323 3677 genealogiae
1343 3607 1372 3659 et
1389 3622 1404 3658 a

257 3706 293 3743 m.
312 3689 506 3744 recentissima
525 3690 610 3744 verba
628 3683 649 3743 ὦ
669 3687 759 3760 χριοτὲ
779 3688 880 3759 βοήθει
899 3698 936 3744 τῶ
956 3698 993 3743 οῶ
1012 3689 1102 3743 δούλω
1121 3692 1207 3756 θωμᾶ
1224 3697 1263 3742 τῶ
1283 3689 1404 3741 δοκιανῶ

257 3768 326 3839 (scil.
347 3767 481 3840 διακάνω)
500 3771 607 3840 scripta
625 3773 691 3824 eunt
707 3773 710 3840 Ι
727 3771 760 3823 οὐ
780 3769 906 3837 φυλάξας
924 3788 951 3837 α,
971 3768 1098 3838 φυλάξας
1115 3786 1131 3823 r
1157 3777 1158 3783 ’

347 3849 395 3904 lin.
415 3856 431 3902 2
452 3850 478 3921 ὁ]
498 3859 547 3904 τοῦ
564 3852 589 3904 G
662 3848 762 3922 3ὑπ’]
780 3849 832 3904 ἀπ’
851 3851 877 3905 Ο
949 3847 1125 3904 4παισίνΑ
1179 3846 1364 3918 ῶθήβαιςά

259 3934 273 3981 7
293 3927 325 3983 δὲ
344 3946 397 3983 om.
412 3931 440 3983 B
513 3938 529 3984 8
549 3941 665 3999 γνωμῶν
684 3932 784 3999 μεστὸν
803 3933 911 3985 πολλῶν
925 3949 954 3984 τε
969 3931 1017 3984 καὶ
1036 3929 1140 4000 καλῶν]
1160 3927 1271 3998 Nauck,
1290 3936 1404 3999 γνωμῶν

257 4012 366 4063 πολλῶν
384 4011 503 4078 (πολλῶν
522 4021 639 4080 γνωμῶν
658 4014 686 4081 α)
706 4009 806 4082 μεστόν
824 4031 853 4066 τε
872 4013 920 4065 καὶ
939 4014 1031 4065 καλῶν
1050 4011 1166 4079 (μεστῶν
1184 4011 1233 4063 καλ
1252 4013 1345 4063 καλῶν
1363 4008 1404 4076 Ε)

259 4090 389 4157 ΑΒαΕ,
408 4093 517 4146 πολλῶν
536 4102 653 4161 γνωμῶν
671 4111 700 4147 τε
719 4093 768 4147 καλ
786 4095 878 4147 καλῶν
898 4090 998 4161 μεστόν
1019 4091 1057 4158 G,
1080 4093 1188 4144 πολλῶν
1208 4099 1325 4159 γνωμῶν
1344 4105 1403 4158 μεσ-

257 4171 307 4224 τὸν
326 4172 373 4224 καὶ
397 4174 490 4225 καλῶν
513 4172 539 4224 V
618 4179 706 4227 9-14
735 4191 788 4229 om.
815 4175 841 4229 G
921 4180 937 4225 9
966 4180 1112 4240 σκηνικαῐς
1139 4187 1193 4225 om.
1218 4172 1246 4226 A
1271 4173 1275 4238 Ι
1301 4170 1356 4224 ἔστι
1374 4165 1403 4221 δὲ

258 4251 464 4322 έπεισοδιῶδες]
489 4251 600 4322 scripsi,
624 4253 685 4308 ἐπεὶ
704 4253 769 4307 libri
790 4253 860 4323 (ἐπεὶ
878 4251 910 4308 δὲ
930 4255 967 4323 Β)
1042 4257 1074 4305 13
1094 4248 1225 4315 οίδίπους
1242 4251 1280 4318 E,
1300 4250 1315 4305 δ
1335 4246 1402 4304 οἰδέ-

257 4352 328 4395 πονς
347 4334 435 4388 ΑαΒ
452 4335 456 4404 Ι
472 4333 693 4405 προσέρραπται]
712 4334 863 4403 Tyrwhitt,
882 4331 1081 4403 προσέρριπται
1100 4330 1166 4386 libri
1186 4332 1190 4402 l
1212 4339 1295 4401 κενῆς
1312 4345 1402 4384 reeen-

258 4413 314 4467 tior
331 4412 416 4482 liber,
445 4422 528 4469 κενοῦ
547 4415 667 4469 ΑαΒΕ
