3008 4944
711 287 915 340 ΕΤΡΠΙΙΔΟΤ

375 450 489 531 βίοτον
512 446 661 533 κατέχοις

376 553 430 620 καὶ
454 557 498 640 μὴ
521 558 636 639 λήγοις
658 564 878 641 στεφανοῦσα.

331 755 399 805 1692
418 748 542 820 κατέχεις
560 752 597 819 Β,
618 750 745 822 κατέχοις
762 752 778 806 b
794 753 798 822 Ι
814 750 844 804 in
863 751 917 805 fine
935 749 1012 813 τέλος
1030 748 1176 819 εὔριπέδοο
1196 749 1310 819 ὀρέστης
1328 751 1390 819 Aa,

240 828 317 894 τέλος
338 838 388 884 τοῦ
411 830 553 900 δράματος
575 839 624 886 τοῦ
648 828 762 899 δρέοτοο
781 832 821 898 Β,
844 829 921 894 τέλος
943 829 1058 900 δρέοτοο
1081 828 1227 900 εὒριτιέδοο
1246 830 1289 898 E,
1312 828 1391 893 τέλος

241 908 387 980 εὐριτλδοο
414 910 547 981 ἡλέιιτρας
567 912 606 980 G,
634 911 802 981 subscriptio
821 911 851 965 in
869 911 896 966 L
919 927 1008 966 erasa.
1045 911 1077 964 In
1095 912 1122 965 A
1141 910 1170 966 in
1189 909 1246 964 imo
1264 909 1390 980 paginae

240 991 367 1063 margine
386 995 416 1045 et
430 990 460 1044 in
474 1009 493 1046 a
506 992 577 1046 haec
590 992 734 1063 leguntur:
753 993 824 1059 πρὸς
836 990 964 1061 διάφορα
977 990 1138 1062 ἀντίγραφοι
1152 989 1390 1062 παραγέγραπται

241 1070 271 1125 ἐκ
294 1079 344 1125 τοῦ
362 1069 507 1127 διοαοοίοο
525 1071 724 1142 διιομαήματος
743 1072 893 1143 ὁλοσχερῶς
910 1074 959 1126 ιιαλ
976 1081 1032 1128 τῶν
1051 1080 1166 1142 μιττῶν,
1191 1087 1264 1140 quae
1283 1070 1391 1125 collata

240 1152 357 1206 Medeae
386 1151 591 1223 subscriptione
616 1153 686 1221 πρὸς
708 1151 835 1220 διάφορα
857 1149 1026 1223 ἀντίγραφα.
1064 1148 1209 1207 διοαυολοο
1232 1149 1388 1222 ὁλοσχερές·

241 1230 288 1286 καί
312 1253 375 1288 τινα
397 1242 453 1288 τῶν
477 1233 597 1302 διδύμου
616 1232 667 1287 Th.
687 1232 823 1288 Barthold
844 1233 879 1287 de
898 1232 984 1288 schol.
1004 1232 1034 1286 in
1052 1232 1116 1286 Eur.
1136 1234 1190 1287 vet.
1210 1230 1280 1286 font.
1300 1232 1389 1287 Bonn.

243 1318 311 1368 1884
329 1332 356 1383 p.
372 1319 406 1367 30
417 1331 457 1382 sq.
486 1312 526 1367 sio
554 1313 681 1384 corrigit:
709 1314 779 1381 πρὸς
801 1313 928 1383 διάφορα
950 1311 1119 1384 ἀπέγραψα.
1155 1311 1391 1383 παραγέγραπται

241 1391 393 1449 Διονυσίου
411 1391 561 1464 ὑπόμνημα
580 1392 723 1465 ὁλοσχερὲς
740 1391 788 1448 καί
806 1413 869 1449 τινα
885 1393 984 1449 ἐκτῶν
998 1393 1126 1463 Διδύμοο
1140 1394 1258 1447 καὶτῶν
1273 1401 1388 1461 μικτῶν.
