3014 4942
254 265 276 328 4

254 429 358 503 θεοὺς
381 429 595 508 διακομίζειν,
615 422 748 512 Ὀρέστῃ
773 423 810 492 δέ
828 422 1010 511 Ἑρμιόνην
1033 426 1165 504 ἐπέταξε
1184 431 1310 508 λαβεῖν,
1335 432 1406 492 Hv-

256 532 340 619 λάδη
373 529 411 598 δέ
439 529 622 617 Ἠλέκτραν
654 537 861 617 συνοικίσαι,
895 531 1106 616 καθαρθέντι
1137 529 1174 598 δὲ
1204 535 1264 599 τὸν
1297 537 1406 616 φόνον

246 637 390 723 Ἀργους
412 640 536 725 ἄρχειν.

412 834 723 920 Ἀριστοφάνους
747 846 1024 921 γραμματικοῦ
1046 815 1252 912 ὑπόθεσις..

202 979 236 1026 25
343 957 494 1046 Ὀρέστης
523 963 578 1027 διά
604 963 666 1044 τὴν
694 970 752 1044 τῆς
778 963 901 1045 μητρὸς
924 962 1059 1045 σφαγὴν
1082 961 1149 1043 ἅμα
1171 958 1227 1026 καὶ
1249 961 1316 1026 ὑπὸ
1339 972 1406 1027 τῶν

252 1060 414 1150 Ἐρινύων
444 1069 703 1152 δειματούμενος
733 1067 789 1133 καὶ
821 1068 885 1134 ὑπὸ
916 1080 985 1133 τῶν
1009 1062 1167 1153 Ἀργείων
1194 1065 1406 1149 κατακριθεὶς

253 1175 407 1262 θανάτῳ,
439 1175 570 1259 μέλλων
602 1175 761 1260 φονεύειν
787 1171 926 1258 Ἑλένην
959 1173 1014 1239 καί
1039 1169 1219 1259 Ἑρμιόνην
1249 1171 1329 1240 ἀνθ’
1357 1170 1406 1240 άιν

254 1281 430 1358 Μενέλαος
456 1284 573 1366 παρὼν
601 1282 662 1347 οὐκ
691 1281 856 1366 ἐβοήθησε
885 1283 1074 1365 διεκωλύθη
1103 1281 1168 1347 ὑπὸ
1188 1279 1405 1358 Ἀπόλλωνος.

254 1385 331 1471 παρ’
355 1389 520 1476 οὐδετέρῳ
543 1400 648 1455 κεῖται
671 1389 692 1472 ἡ
715 1392 911 1471 μυθοποιία.
1245 1393 1261 1420 ⁰

201 1514 236 1561 30
343 1496 364 1579 ἡ
397 1493 458 1580 μέν
486 1499 591 1581 σκηνὴ
620 1504 681 1561 τοῦ
709 1497 875 1581 δράματος
902 1495 1073 1561 ὑπόκειται
1100 1494 1137 1560 έν
1156 1493 1283 1579 Ἄργει·
1320 1494 1339 1560 δ
1368 1491 1406 1560 δέ

254 1605 354 1687 χορὸς
367 1603 569 1688 συνέστηκεν
583 1603 619 1669 έκ
631 1614 802 1687 γυναικῶν
809 1599 976 1687 Ἀργείων,
989 1602 1211 1685 ἡλικιωτίδων
1216 1599 1406 1685 Ἠλέκτρας,

254 1713 293 1774 αἳ
319 1708 376 1776 καὶ
406 1714 646 1795 παραγίνονται
678 1706 762 1792 ὑπὲρ
794 1719 851 1794 της
879 1718 941 1775 τοῦ
966 1706 1120 1793 Ὀρέστου
1147 1712 1402 1792 πυνθανόμεναι

254 1827 438 1902 συμφορᾶς.
483 1820 672 1900 προλογίζει
696 1813 734 1881 δέ
754 1814 923 1899 Ἠλέκτρα.

343 1927 381 1989 τὸ
419 1926 529 2007 δρᾶμα
561 1922 796 2007 κωμικωτέραν
827 1925 894 2008 ἔχει
926 1924 988 2007 τὴν
1018 1925 1263 2008 καταστροφήν.
1313 1921 1335 2006 ἡ
1367 1919 1404 1986 δὲ

201 2050 236 2097 35
256 2032 415 2115 διασκευὴ
429 2041 490 2097 τοῦ
505 2032 670 2116 δράματύς
685 2029 754 2095 ἐστι
767 2031 918 2114 τοιαύτη·
939 2032 1023 2114 πρὸς
1036 2033 1076 2097 τά
1089 2040 1150 2098 τοῦ
1161 2028 1405 2114 Ἀγαμέμνονος

255 2141 406 2222 βασίλεια
430 2139 599 2204 ὑπόκειται
614 2135 766 2221 Ὀρέστης
788 2138 926 2221 κάμνων
947 2135 1003 2203 καὶ
1025 2141 1176 2222 κείμενος
1198 2137 1264 2202 ὑπὸ
1285 2140 1406 2221 μανίας

256 2243 310 2311 ἐπὶ
340 2247 522 2329 κλινιδίου,
556 2236 582 2334 ᾧ
615 2243 875 2329 προσκαθέζεται
902 2246 985 2328 πρὸς
1014 2256 1084 2323 τοῖς
1110 2242 1211 2311 ποσὶν
1235 2239 1404 2326 Ἠλέκτρα.

255 2354 461 2436 διαπορεϊται
481 2350 518 2418 δέ
536 2355 571 2417 τί
587 2353 708 2434 δήποτε
728 2352 770 2416 οὐ
787 2354 871 2435 πρὸς
888 2360 928 2436 τῇ
946 2357 1072 2438 κεφαλῇ
1089 2352 1275 2435 καθέζεται·
1299 2351 1405 2426 οὕτως

254 2461 319 2542 γάο
347 2459 389 2525 ἂν
417 2466 545 2526 μᾶλλον
572 2458 681 2525 ἐδόκει
707 2461 768 2525 τὸν
795 2457 944 2542 ἀδελφὸν
970 2465 1139 2543 τημελεῖν,
1168 2461 1405 2542 πλησιαίτερον

344 2641 377 2690 21
402 2633 519 2707 ὀρέστην
538 2637 599 2691 ΑΒ
685 2641 719 2689 22
742 2633 872 2704 πυλάδην
896 2635 923 2688 Β
948 2636 953 2704 l
977 2632 1095 2703 ἠλέκτρα
1119 2635 1180 2690 ΑΒ
1204 2636 1209 2703 Ι
1235 2630 1404 2705 συνοικίσαι]

255 2717 379 2785 Brunck,
407 2725 571 2786 συνοικῆσαι
594 2714 661 2769 libri
684 2718 688 2787 Ι
713 2716 761 2770 καλ
783 2712 963 2782 καθαρθέντι
987 2715 1014 2768 Β
1037 2714 1041 2786 Ι
1064 2715 1113 2769 τὸν
1137 2712 1229 2784 φόνον
1252 2714 1327 2783 ΑΕ,
1355 2721 1404 2767 τοῦ

255 2795 348 2867 φόνον
367 2798 404 2863 Β,
422 2807 478 2851 τῶν
496 2795 594 2867 φόνων
613 2813 632 2849 α

326 2878 386 2931 Ηοο
405 2895 463 2947 arg.
483 2894 536 2931 om.
555 2877 595 2944 L,
617 2877 643 2931 G
661 2874 777 2930 exhibet
794 2875 878 2930 haec:
907 2873 1022 2943 δρέστου
1041 2873 1185 2938 ὑπόθεσις.
1222 2872 1338 2945 δρέστης
1355 2872 1404 2928 διὰ

255 2957 307 3028 τὴν
325 2967 374 3028 τῆς
392 2958 494 3028 μητρὸς
513 2957 625 3026 σφαγὴν
643 2955 702 3025 άμα
721 2956 770 3010 καὶ
787 2956 842 3010 ὑπὸ
861 2965 916 3011 τῶν
931 2954 1066 3023 έριννύων
1081 2954 1299 3025 δειματούμενος
1313 2954 1404 3024 ἔμελλε

256 3038 496 3108 φονευθήσεσθαι.
535 3039 583 3091 καὶ
606 3037 690 3099 αύτδς
714 3035 745 3090 δὲ
764 3032 868 3104 μέλλων
887 3036 1037 3104 φονεύσειν
1056 3034 1189 3106 έρμιόνην
1207 3033 1277 3090 ἄνθ’
1299 3031 1340 3091 ὧν
1358 3053 1404 3104 με·

255 3119 354 3181 νέλαος
386 3118 484 3187 παρὼν
512 3119 563 3174 ούκ
592 3116 749 3189 ἐβοήθησεν
777 3116 934 3185 διεκωλύθη
962 3116 1017 3170 ύιιὸ
1045 3125 1095 3171 τοῦ
1123 3115 1291 3179 άπίλλωνος.
1333 3112 1401 3183 παρ’

256 3201 351 3255 οὐδενί
378 3209 468 3254 κεῖται
494 3199 512 3269 ἡ
540 3196 708 3268 μνθοποιία.
746 3195 801 3266 ἔχει
829 3195 860 3250 δέ
886 3195 920 3250 τὰ
943 3194 1029 3266 μέτρα
1053 3195 1133 3251 οὕτω.
1170 3196 1201 3250 τὸ
1225 3204 1278 3250 νῦν
1302 3193 1336 3251 δέ
1357 3214 1404 3264 μοι

254 3277 430 3352 προτειηέων.
459 3277 602 3349 τρίμετρον
623 3277 774 3348 τρογαϊκδν
791 3276 823 3330 τδ
842 3274 950 3331 ὀττοτοὶ
969 3275 1087 3331 διποδία
1105 3274 1239 3346 τροχαικὴ
1257 3277 1307 3331 καὶ
1326 3274 1404 3347 μέχρι

255 3360 306 3430 μὲν
328 3370 384 3416 τῶν
402 3359 529 3415 πνλάδον
550 3357 639 3429 λόγων
658 3354 796 3428 λαμβικάν.
833 3357 982 3411 τούκεῖθεν
1001 3355 1032 3411 δὲ
1051 3357 1201 3427 τροχαϊιιδυ
1220 3354 1404 3424 τετράμετρον

255 3440 467 3510 καταληκτικάν.
503 3441 552 3495 καλ
571 3438 644 3493 ἔνθα
663 3436 776 3506 άρέστης
794 3436 841 3491 καὶ
860 3436 933 3506 φρίιξ
952 3436 1129 3507 διαλέγονται
1147 3437 1179 3491 τδ
1197 3436 1265 3491 αὐτὸ
1280 3445 1404 3506 τηρεῖται

256 3520 363 3590 μέτρον.
401 3521 418 3591 ἡ
446 3519 497 3589 μὲν
525 3519 612 3589 σκηνὴ
640 3526 691 3573 τού
714 3516 856 3586 δράματος
879 3514 1026 3571 ὑπόκειται
1050 3517 1081 3572 έν
1104 3516 1191 3587 άργει.
1230 3517 1245 3572 δ
1269 3516 1301 3571 δέ
1322 3516 1404 3587 χορὸς

256 3599 420 3670 συνέστηκεν
439 3600 469 3655 ἐκ
489 3609 630 3671 γυναικῶν
649 3595 769 3669 άργείων
789 3594 970 3666 ηλικιωτίδων
989 3596 1129 3667 ἠλέκτρας.
1157 3598 1189 3652 τδ
1209 3599 1303 3667 δρᾶμα
1320 3617 1403 3666 κωμι-

255 3679 379 3748 κωτέραν
389 3681 444 3751 ἔχει
454 3680 505 3751 τὴν
515 3678 720 3748 καταστροφήν.
766 3683 801 3730 24
810 3677 1018 3746 άριστοφοίνονς
1028 3682 1220 3749 γραμματικοῦ
1231 3675 1368 3740 ὑπόθεσις
1377 3695 1403 3744 ο,

256 3760 344 3824 ἄλλως
364 3763 403 3829 Α,
423 3779 476 3816 om.
492 3762 573 3830 ΒΕΙ
590 3760 621 3814 in
634 3763 662 3815 B
680 3758 728 3813 hic
746 3758 827 3813 ordo:
850 3756 899 3813 lin.
920 3763 1040 3827 30-33,
1059 3764 1178 3825 26-29,
1199 3763 1319 3827 34-47,
1338 3757 1368 3812 in
1386 3773 1403 3810 α

256 3843 322 3895 sunt
345 3847 465 3908 26-29,
490 3847 595 3895 34—45
619 3839 720 3895 scholii
742 3838 832 3893 instar
855 3836 885 3891 in
908 3856 996 3909 marg.
1020 3839 1139 3910 scripta,
1167 3844 1273 3893 25-29
1297 3855 1351 3894 om.
1375 3837 1404 3891 E

256 3920 304 3974 lin.
323 3926 357 3974 26
377 3920 513 3988 έριννύων
531 3923 559 3976 Β
623 3927 707 3990 26sq‚
727 3920 909 3988 κατακριθελς
927 3918 1045 3993 θανάτῳ
1064 3937 1117 3974 om.
1137 3938 1155 3973 ο
1218 3924 1251 3973 27
1272 3917 1403 3989 έρμιάνην

255 4003 304 4056 καὶ
327 3999 423 4070 έλένην
442 4019 460 4054 α
532 4006 566 4054 28
584 4007 634 4056 τοῦ
658 4000 817 4063 άτιδλλωνος
835 4020 853 4055 α
925 4005 959 4054 29
979 3999 1127 4073 οὐδετέρῳ]
1151 3999 1283 4065 Dindorf,
1309 3998 1402 4054 ούδετὶ

255 4081 322 4135 libri
339 4085 343 4151 Ι
358 4079 517 4151 μυθολογία
531 4081 591 4135 AB
642 4087 676 4134 32
690 4086 740 4136 τοῦ
755 4099 808 4136 om.
824 4083 851 4137 A
902 4085 935 4134 33
956 4078 987 4134 δὲ
1002 4096 1055 4134 om.
1071 4080 1134 4134 ΛΕ
1148 4077 1186 4150 {vi
1205 4077 1324 4148 ἠλέκτρα
1340 4079 1368 4132 Β

256 4168 290 4215 34
309 4162 340 4216 τὸ
360 4161 391 4215 δέ
410 4162 504 4230 δρᾶμα
518 4163 548 4215 E
601 4168 635 4216 35
654 4161 787 4231 διασκευὴ
806 4162 894 4215 αύτού
914 4159 970 4214 ἐστι
988 4165 1105 4215 τοιαῦτα
1120 4178 1139 4214 α
1188 4165 1274 4228 sssssq.
1290 4157 1401 4228 κάμνων

255 4243 311 4297 ὑπὸ
329 4239 433 4311 μανίας
450 4243 498 4297 καλ
517 4239 643 4311 κείμενος
661 4241 706 4295 έπλ
723 4241 822 4296 Nauck
876 4248 910 4296 37
929 4240 1135 4310 προκαθέζεται
1153 4240 1208 4308 πρὸ
1222 4240 1249 4294 A
1301 4245 1334 4294 ³9
1349 4237 1400 4309 γὰρ

256 4320 305 4396 διν]
328 4322 428 4393 scripsi
451 4321 534 4392 (οὕτω
553 4321 607 4393 γὰρ
626 4324 736 4376 etcum
755 4322 884 4378 Nauckio
903 4325 1007 4393 μᾶλλον
1025 4319 1062 4377 ἂν
1080 4319 1254 4390 Kirohhoff),
1278 4317 1309 4375 δὲ
1329 4317 1400 4384 libri,

256 4404 304 4459 cfr.
324 4404 373 4459 lin.
388 4409 421 4458 41
439 4408 443 4474 1
459 4401 655 4474 πλησιέστερον
673 4421 691 4458 α
