3014 4928
268 307 310 369 70
654 304 792 359 Addenda
810 305 839 359 et
858 303 1029 374 Corrigenda

263 465 384 535 Blaydes
474 471 650 520 1559-1566
670 465 747 519 delet
761 465 791 521 E.
807 465 902 518 Bruhn
984 470 1052 519 1564
1072 462 1226 535 πρόχειρον
1244 466 1333 538 ὠθεῖ]
1355 466 1428 532 ἕξετε

262 545 411 616 πρόχειρον
510 551 579 600 1565
603 545 630 600 οἱ
652 542 692 613 δ’,
716 546 753 608 ὡς
775 542 900 614 κέλευσμ’
922 544 1025 599 ἔδωκεν
1126 553 1194 600 1571
1213 543 1364 612 ’καθέζετ’

264 632 332 680 1576
350 626 428 680 ἄλλοι
506 633 573 680 1687
593 624 625 681 ἐκ
643 626 704 697 γῆς]
723 623 836 681 ἐνθένδ’
913 630 982 680 1590
1001 623 1125 694 πλέωμεν
1145 623 1235 689 αὖθις
1253 624 1294 681 αὖ
1314 627 1373 696 (vel
1397 627 1427 690 ές

262 704 361 776 δόμον)
380 706 423 760 vel
443 705 566 775 πλέωμεν
584 753 600 760 -
614 732 633 760 υ
656 703 820 760 κατακέλευε
838 705 871 760 σύ
891 704 1011 775 Blaydos
1027 709 1031 774 1
1047 705 1135 770 ἀξιῶν
1154 706 1199 761 W.
1219 707 1364 762 Headlam

264 792 331 840 1597
352 783 387 841 εἷ’
409 787 460 857 οὐχ
481 785 602 856 Blaydes

353 873 419 922 1611
440 867 553 923 ἰθύνειν
571 866 719 922 ΒΙοιυύίολδ
816 871 885 921 1630
904 869 1017 935 δοῦλος;
1044 870 1102 922 XO.
1123 869 1158 922 ού
1183 878 1283 935 φρονῶ
1304 868 1360 939 γάρ
1381 866 1426 935 οὕς

287 1028 297 1082 l
318 954 385 1081 16156
404 946 474 1019 ύσγε]
493 942 567 1016 εἶργε
640 953 708 1001 1662
728 948 818 1019 αὐδῶ]
837 943 919 1001 εἷπον
997 953 1065 1002 1676
1085 953 1198 1022 φρουρᾷ
1220 948 1264 1002 vel
1286 959 1425 1018 φρουρῶν

263 1029 335 1098 Bay
358 1045 386 1082 es

673 1384 721 1441 Ad
740 1384 755 1441 Ι
776 1387 793 1442 7
815 1375 1004 1465 (Cyclopem)

336 1529 445 1583 Novam
464 1528 644 1584 collationem
662 1527 798 1582 librorum
817 1527 877 1582 LP
893 1526 1049 1596 publicavit
1067 1527 1099 1581 A.
1114 1527 1241 1582 Mancini
1261 1529 1291 1581 in
1312 1529 1425 1584 Rivista

264 1609 294 1663 di
323 1608 416 1664 Storia
434 1608 538 1663 Antica
556 1609 595 1663 IV
614 1611 705 1678 (1899)
726 1614 739 1661 1
761 1609 790 1660 ο6
808 1613 824 1659 2
843 1625 870 1676 p.
890 1613 986 1661 3-16.
1032 1607 1093 1661 Ηοο
1124 1608 1308 1677 cognoscitur
1337 1629 1424 1679 quam

264 1693 413 1744 accuratae
438 1689 496 1743 sint
519 1706 569 1744 eae
593 1687 757 1743 collationes
777 1686 939 1755 quaemihi
961 1691 1072 1757 praesto
1095 1687 1217 1743 fuerunt.
1256 1689 1346 1744 Locos
1370 1690 1423 1745 ali·
1461 1709 1471 1727 ·

264 1787 320 1839 quo
340 1770 423 1824 modo
442 1768 639 1824 memorabiles
659 1767 708 1822 ubi
723 1767 873 1837 divergunt
886 1766 1001 1835 quidem
1016 1767 1152 1823 lectiones
1167 1768 1212 1822 vel
1227 1769 1342 1839 aliquid
1356 1772 1423 1825 novi

264 1849 383 1907 allatum
402 1866 463 1904 esse
477 1849 589 1904 videtur
607 1848 693 1903 affero
712 1848 775 1903 bos:
796 1854 829 1901 30
844 1857 882 1902 τῶ
897 1849 932 1914 L,
951 1857 988 1902 τῶ
1007 1867 1035 1903 τε
1051 1851 1068 1914 l,
1087 1851 1157 1903 τῶδε
1172 1852 1201 1904 Ρ
1272 1856 1307 1903 32
1324 1851 1380 1922 ἔχει
1396 1853 1422 1905 L

265 1955 433 2027 compendio
447 1955 487 2010 sic
506 1974 557 2010 scr.
573 1958 605 2008 ut
624 1956 736 2009 dubites
757 1954 811 2026 ἔχει
831 1972 867 2009 an
887 1954 944 2026 ἔχοι
963 1954 1009 2022 sit,
1029 1940 1086 2026 ἔγύύ
1101 1958 1129 2011 Ρ
1201 1963 1231 2009 51
1250 1957 1350 2028 κλιτὴν
1364 1960 1425 2014 LP

318 2044 352 2092 56
372 2035 519 2103 στασύορον
538 2039 566 2092 Ρ
654 2042 687 2089 92
707 2035 758 2104 τήν
777 2033 804 2106 γ’
827 2036 867 2102 L,
890 2034 941 2102 τήν
961 2034 989 2088 δ’
1012 2039 1039 2090 Ρ
1123 2041 1156 2090 94
1177 2036 1376 2107 έκπειθύμεθα
1397 2041 1426 2093 Ρ

267 2116 454 2186 έκπυθόμεθα
465 2136 488 2187 p
561 2123 612 2172 102
631 2113 688 2182 ξέν’
705 2117 764 2187 Lp,
784 2117 855 2182 ξεῖνε
875 2118 902 2171 Ρ
974 2122 1025 2170 106
1043 2114 1127 2184 πάρει
1147 2117 1173 2170 L
1192 2119 1363 2187 compendio
1382 2121 1423 2173 sic

266 2216 317 2252 sor.
339 2201 371 2252 ut
388 2197 473 2251 facile
491 2197 569 2265 πάρα
588 2198 676 2268 legas,
695 2195 772 2265 πάρα
792 2197 820 2250 Ρ
897 2202 947 2250 181
967 2194 1048 2266 ήδετε
1067 2197 1133 2262 LP,
1157 2195 1256 2266 ἥδεται
1271 2216 1294 2268 μ
1370 2206 1421 2253 207

265 2276 292 2350 γ’
314 2278 385 2333 εἰσλν
410 2275 473 2348 ἦγ’
496 2278 551 2332 ὑπὸ
571 2279 581 2330 l
671 2282 722 2330 208
747 2275 877 2346 τρύχουσι
897 2277 923 2329 L
948 2275 977 2329 in
1004 2273 1132 2346 τρέχουσι
1150 2295 1186 2331 m.
1207 2284 1222 2329 2
1241 2280 1369 2334 mutavit

265 2365 317 2412 235
338 2359 495 2427 ὀφθαλμῶν
509 2360 569 2414 LP
644 2362 695 2410 267
715 2357 817 2422 ἐξοδᾶν
832 2357 858 2409 L
877 2356 926 2410 sed
946 2356 975 2421 εξ
994 2355 1023 2409 in
1042 2374 1095 2411 ras.
1116 2359 1192 2411 seul
1273 2361 1325 2414 291
1348 2361 1422 2427 εἰρυ-

267 2439 380 2508 σάμεθα
400 2440 426 2493 L
503 2444 555 2492 606
575 2439 656 2493 ὤλεσε
675 2437 701 2490 L
721 2436 849 2492 ὤλεσενλ
928 2442 979 2490 376
1000 2434 1061 2507 σύγ’
1083 2438 1110 2490 L
1186 2444 1238 2491 443
1258 2437 1344 2509 ἥδιον
1363 2442 1423 2510 Lp,

266 2519 331 2591 ῆδιο
352 2522 379 2574 Ρ
471 2525 522 2574 465
547 2518 680 2587 εὑρήμασι
699 2518 766 2584 LP,
794 2516 975 2585 εὑρήμασινλ
1070 2524 1122 2571 514
1145 2516 1261 2587 ἀμμένει
1282 2521 1344 2575 LP
1371 2541 1422 2590 μεν

266 2618 349 2655 rescr.
366 2602 409 2656 lP
479 2605 531 2654 546
550 2596 723 2668 πρόςγΙτμ,
742 2595 813 2665 πρός
831 2600 903 2652 τεΡ
973 2602 1024 2650 560
1045 2594 1146 2651 ύστιΡ
1217 2604 1269 2651 626
1289 2596 1422 2668 χρίμπτε-

266 2686 337 2735 σθαι
352 2682 412 2736 LP
424 2676 613 2750 χρέμπτεσθαι
628 2680 638 2732 l
710 2685 761 2733 674
777 2677 822 2731 σύ·
837 2674 879 2739 τίς
893 2680 927 2743 Ρ,
947 2677 994 2731 σύ·
1012 2674 1055 2739 τίς
1069 2674 1095 2732 τ’
1109 2678 1145 2743 L,
1163 2677 1238 2731 unde
1253 2678 1291 2732 ad
1311 2681 1423 2733 textum

265 2763 319 2816 boc
338 2779 424 2815 unum
443 2759 592 2828 redundat,
613 2761 644 2811 ut
662 2763 714 2811 306
733 2757 815 2812 ὤλεσε
834 2760 863 2811 ο6
881 2763 932 2810 465
953 2756 1087 2825 εὑρήμασι
1111 2757 1289 2811 scribendum
1313 2759 1354 2814 sit
1372 2779 1422 2832 pro

266 2842 366 2897 ὤλεσεν
384 2843 414 2894 et
432 2839 591 2908 εὑρήμασιν.

337 2921 379 2975 De
398 2920 494 2975 codice
508 2922 537 2976 P
553 2936 587 2974 ex
606 2919 680 2973 libro
697 2920 723 2973 L
743 2917 869 2974 derivato
888 2917 952 2971 vide
970 2934 1044 2986 quae
1063 2918 1146 2973 modo
1165 2918 1202 2971 ad
1222 2937 1245 2973 v.
1262 2925 1297 2973 32
1318 2925 1349 2975 et
1372 2929 1422 2976 106

267 3006 298 3056 et
316 3000 391 3055 infra
410 3001 447 3054 ad
466 3019 490 3053 ν.
510 3005 562 3054 498
582 2998 671 3053 allata
690 3002 762 3054 sunt.

357 3081 423 3136 6έν
442 3081 521 3154 δεξιᾷ
603 3075 713 3135 8τοῦτ’
736 3081 816 3152 ἰδὼν]
836 3087 924 3133 ταῦτα
943 3076 1028 3134 πάντ’
1114 3079 1254 3152 9ἕδειξα]
1274 3080 1369 3137 ἔδωκα

269 3170 301 3218 16
321 3160 367 3219 ἐπ’
389 3161 518 3232 ἐρετμούς
533 3160 653 3230 Blaydes
726 3165 760 3214 30
779 3158 884 3231 μένων]
903 3159 1013 3228 τλήμων
1027 3159 1054 3214 C.
1070 3159 1179 3214 Busche
1196 3164 1199 3229 Ι
1215 3165 1254 3233 τῷ
1273 3181 1304 3232 γε
1325 3165 1424 3219 δυσσε·

268 3247 314 3316 βεῖ
394 3249 427 3296 61
447 3245 564 3297 δεῖπνον
583 3238 700 3295 ἀνόσιον
719 3243 864 3295 διακονεῖν
946 3246 979 3294 62
998 3241 1046 3293 καλ
1066 3249 1117 3294 νῦν
1136 3238 1151 3295 ὃ
1170 3240 1371 3314 προσετάγθής

269 3331 302 3378 36
322 3322 429 3385 παῖδάς
447 3342 500 3392 μου
519 3320 654 3391 νέμοντας
733 3325 767 3374 40
786 3321 909 3392 ἀοιδαῖς]
929 3317 978 3390 ἅμ’
1000 3318 1087 3393 ᾠδαῖς
1105 3320 1226 3389 Blaydes
1308 3331 1424 3394 41sqq.,

271 3410 304 3458 55
314 3422 373 3473 sqq.
393 3400 583 3468 hemiehoriis‚
603 3408 636 3455 63
645 3419 705 3470 sqq.
725 3400 809 3455 choro
828 3399 931 3455 tribuit
948 3400 980 3454 R.
1001 3400 1121 3454 Arnoldt
1205 3408 1238 3455 47
1260 3402 1291 3457 ἐν
1311 3402 1425 3473 πέτροις

323 3489 357 3537 49
382 3480 445 3535 τάδ’
467 3482 501 3536 ού
526 3478 589 3535 τάδ’
684 3488 716 3535 51
740 3479 812 3551 τάχα
838 3499 881 3536 σοι
905 3481 949 3535 val
975 3480 1047 3535 κατά
1074 3490 1123 3535 σοῦ
1214 3487 1248 3535 52
1272 3484 1424 3555 κεράστας;

270 3563 391 3632 Blaydes
464 3567 497 3615 63
513 3561 667 3616 secundum
682 3560 749 3615 τάδε
764 3561 841 3615 delet
850 3562 894 3616 W.
905 3561 1043 3616 Headlam
1113 3568 1146 3616 75
1161 3561 1302 3626 ἀνασελεις
1317 3567 1425 3622 conicit

268 3644 344 3699 idem
407 3649 440 3697 79
455 3639 642 3717 μονοδερκέτᾳ
704 3647 737 3695 82
752 3639 796 3714 δ’]
810 3640 835 3695 τ’
901 3649 935 3696 84
949 3641 1013 3696 τλνα
1028 3641 1064 3710 δή
1079 3641 1199 3711 Hlaydes
1255 3649 1289 3697 86
1304 3662 1423 3717 στρατη-

267 3723 335 3796 λάτῃ
354 3722 427 3796 τάχα
445 3722 570 3778 Mancini
642 3729 676 3776 92
696 3718 844 3795 έσβεβῶτες
921 3729 953 3777 97
973 3720 1085 3794 λάβοιμ’
1108 3720 1143 3777 ἂν
1163 3726 1224 3792 (aut
1242 3728 1329 3780 antea
1347 3727 1422 3782 πόθ’

269 3803 316 3874 ἂν)
402 3809 436 3858 99
455 3801 483 3857 τλ
500 3804 531 3858 τὸ
550 3812 655 3874 χρήμα;
1229 3797 1230 3802 ’

342 3890 392 3939 104
412 3879 483 3937 οἷδ’·
504 3884 595 3951 ἄνδρα
615 3884 736 3953 Blaydes
761 3888 765 3953 Ι
790 3883 853 3939 fort.
879 3883 1137 3954 interpungendum
1162 3883 1298 3952 κρόταλον
1327 3890 1423 3958 δριμύ,

269 3964 399 4032 Σισύφου
419 3961 498 4032 γένος
576 3958 663 4034 117ή
743 3971 791 4019 121
813 3962 875 4032 ἢ’κ
893 3973 944 4018 τοῦ
963 3969 1027 4029 ζῶσι
1101 3971 1151 4019 162
1170 3972 1228 4020 πᾶν
1248 3967 1302 4036 γὰρ
1321 3967 1360 4022 ἄν
1379 3986 1422 4023 σοι

268 4047 378 4116 δρῷμεν
397 4043 433 4097 ἄν
507 4050 557 4097 140
576 4039 597 4098 ὦ
617 4042 750 4113 φίλτατον
769 4042 844 4114 πῶμ’
920 4051 971 4099 142
992 4043 1123 4114 ἐξέθρεψ’
1141 4045 1172 4100 έν
1247 4052 1298 4101 150
1313 4049 1348 4102 ού
1369 4049 1421 4119 γὰρ

270 4126 403 4190 ..καλεῖς
496 4130 545 4177 152
565 4125 602 4187 ὡς
620 4122 657 4179 διν
676 4125 830 4193 εὐφρανθῶ
849 4126 921 4181 πιών
1013 4131 1063 4179 153
1083 4126 1205 4198 βαβαιάξ
1300 4135 1352 4183 158
1372 4138 1422 4184 τοῦ

269 4202 406 4274 λάρυγγος
497 4210 546 4258 162
572 4205 657 4273 τυρόν
681 4202 736 4260 τιν’
758 4204 775 4274 ἢ
801 4204 894 4275 μήλων
917 4204 1007 4279 βοράν
1030 4206 1083 4274 (vel
1107 4205 1191 4274 κρέας
1212 4207 1257 4261 vel
1286 4208 1366 4278 κρέα)

271 4291 321 4340 169
345 4281 426 4339 τοῦτό
450 4281 476 4353 γ’
499 4283 589 4352 ὀρθὸν
612 4284 655 4337 vel
683 4284 731 4339 ἵνα
758 4296 839 4341 τοῦτο
866 4287 897 4342 τὸ
925 4284 993 4349 πέος
1020 4286 1111 4354 ὀρθὸν
1135 4285 1188 4342 ἔστ’
1212 4288 1365 4343 ἀνιστάναι

272 4372 322 4421 170
340 4362 601 4434 παρεσκευασμένον
699 4372 749 4420 172
773 4367 807 4420 οὐ
833 4366 987 4436 κνκήσομαι
1086 4374 1136 4421 174
1155 4366 1250 4439 μέσον]
1275 4368 1365 4437 μόνον

271 4452 322 4501 180
341 4442 538 4516 διακροτήσατ’
559 4444 602 4500 vel
625 4444 820 4514 διακορεύσατ’
915 4453 963 4502 181
990 4445 1050 4502 έπεύ
1073 4449 1114 4520 γε]
1139 4447 1200 4519 ἥτις
1222 4467 1252 4518 γε
1277 4449 1333 4518 (vel
1360 4448 1420 4506 έπελ
