3014 4942
574 317 799 371 mnomoz

246 481 355 566 παρὸν
379 478 625 563 δυσεκπέρατον
649 483 778 566 ἔρχεται
801 483 888 565 βίον.

248 587 510 674 κακοτυχεστάτα
533 599 702 671 γυναικῶν
725 586 798 672 ἐγώ.

136 771 202 832 XO.
247 774 313 853 φεῦ
336 774 415 851 φεῦ·
438 765 635 852 πέπρακται,
658 765 721 832 κού
743 766 983 851 κατώρθωται
1005 762 1132 850 τέχναι,
1207 781 1260 831 689

247 872 423 956 δέσποινα,
447 882 505 957 τῆς
529 883 588 958 σῆς
610 875 818 956 προσπόλον,
841 884 948 949 κακῶς
971 870 1001 937 δ’
1021 875 1095 958 ἔχει.

136 985 228 1047 ΦΑΙ.
252 976 279 1046 ὦ
301 984 506 1064 ταρκακίστη
529 978 584 1046 καὶ
606 983 715 1067 φίλων
739 982 946 1066 διαφθορεῦ,

247 1079 295 1155 οἷ’
313 1087 456 1171 εἰργάσω
480 1111 529 1171 με.
576 1088 660 1165 Ζεύς
682 1105 721 1153 σε
743 1090 916 1173 γεννήτωρ
940 1086 1018 1172 έμὸς

245 1197 427 1278 πρόρριζον
451 1194 636 1277 ἐκτρίψειεν
660 1190 802 1271 οὐτάσας
824 1197 915 1278 ττνρί.

247 1302 309 1367 οὐκ
332 1296 438 1384 εἶτον,
463 1300 504 1367 οὐ
527 1311 587 1386 σῆς
608 1303 870 1387 κροννοησάμην
894 1303 1033 1387 φρενός,

247 1418 345 1492 σιγᾶν
369 1406 423 1488 ἐφ’
441 1400 508 1475 οἷσι
531 1418 596 1475 νῦν
619 1408 684 1493 έγδ)
707 1410 910 1494 κακύνομαις

247 1518 290 1582 σὺ
314 1513 344 1581 δ’
363 1516 425 1582 οὐκ
448 1514 607 1601 ἀνέσχον·
630 1517 746 1602 τοιγὰρ
771 1509 878 1581 οὐκέτ’
897 1516 1040 1592 εὐκλεεῖς

251 1617 453 1706 θανούμεθ’.
499 1622 582 1688 ἀλλὰ
605 1624 660 1688 δεῖ
679 1647 719 1709 με
743 1624 785 1707 δὴ
808 1634 935 1689 καινῶν
958 1626 1077 1706 λόγων.

249 1726 347 1807 οὗτος
370 1732 434 1814 γάρ
456 1730 540 1816 ὀργῇ
564 1729 833 1816 σνντεθηγμένος
856 1729 983 1816 φρένας

248 1836 319 1923 έρεῖ
337 1831 417 1903 καθ’
434 1836 529 1921 ἡμῶν
551 1834 650 1920 πατρὶ
673 1837 733 1914 σὰς
755 1835 930 1922 ἁμαρτίας,

248 1944 333 2027 [ἐρεῖ
353 1941 390 2010 δὲ
414 1948 540 2010 Πιτθεῖ
559 1945 605 2032 τῷ
628 1943 762 2030 γέροντι
786 1944 992 2029 συμφοράς],

246 2053 364 2134 κλήσει
388 2047 425 2116 δὲ
448 2060 559 2116 πᾶσαν
581 2061 681 2134 γαῖαν
704 2052 883 2136 αἰσχίστων
906 2053 1024 2134 λόγων.

248 2161 341 2224 ὄλοιο
364 2155 420 2223 καὶ
443 2160 486 2224 σὺ
509 2158 629 2243 χῶστις
651 2158 792 2235 άκοντας
814 2161 935 2244 φίλους

245 2267 421 2350 πρόθυμός
443 2264 513 2331 ἐστι
536 2265 580 2351 μὴ
603 2271 711 2343 καλῶς
733 2265 928 2351 εὐεργετεῖν.

189 2422 196 2437 .
247 2368 409 2454 δέσποιν’,
433 2375 518 2457 ἔχεις
540 2369 602 2455 μὲν
624 2371 709 2458 τάμδ
732 2372 927 2458 μέμψασθαι
950 2376 1048 2439 κακά·
1092 2366 1094 2369 ’

245 2480 283 2545 τὸ
306 2479 370 2564 γάρ
394 2479 520 2545 δάκνον
543 2497 607 2545 σον
629 2480 691 2563 τὴν
714 2479 898 2562 διάγνωσιν
920 2492 1048 2563 κρατεῖ

247 2589 310 2671 ἔχω
335 2583 372 2652 δὲ
395 2586 485 2669 κάγδι
508 2587 591 2671 πρὸς
612 2583 700 2668 τάδ’,
723 2587 755 2651 εἰ
776 2584 869 2672 δέξῃ,
893 2585 1011 2670 λέγειν.

248 2694 378 2776 ἔθρεψά
400 2686 432 2758 τ’
454 2693 576 2771 εὔνοος
597 2687 629 2758 τ’
650 2694 734 2778 εἰμί·
757 2702 814 2776 τῆς
837 2695 940 2759 νόσου
965 2693 1004 2759 δέ
1024 2711 1079 2759 σοι

247 2804 388 2885 ζητοῦσα
411 2797 557 2885 φάρμαχ’
580 2794 686 2884 ηὗρον
711 2798 771 2885 οὐχ
796 2799 997 2886 άβονλόμην.

245 2910 278 2973 εἰ
299 2904 332 2972 δ’
355 2902 394 2973 εὐ
416 2903 448 2991 γ’
471 2906 609 2990 έτιραξα,
634 2900 725 2991 κάρτ’
742 2905 784 2972 ἂν
808 2907 845 2973 έν
868 2904 1081 2993 σοφοῖσινῆ

248 3015 332 3097 πρὸς
353 3014 411 3091 τὰς
432 3015 533 3098 τύχας
556 3015 620 3098 γάρ
642 3015 700 3090 τάς
723 3012 849 3096 φρένας
871 3017 1065 3100 κεκτήμεθα.

203 3240 255 3289 678
278 3234 383 3307 παρὸν]
410 3234 474 3289 fort.
498 3233 585 3303 κέρας
618 3237 623 3304 Ι
657 3233 865 3302 δνοεκιτέρατον
883 3235 1007 3303 EaLP,
1034 3235 1260 3304 δασειττέραντον

114 3315 223 3387 ΑΒΟΙ
239 3313 303 3387 βίον
322 3332 456 3386 εαροεεοε.
476 3334 511 3370 ον
529 3311 565 3383 Ε,
585 3312 649 3386 βίον
667 3317 736 3369 mut.
755 3313 786 3367 in
804 3312 868 3386 βίον
887 3317 920 3369 οῖ
937 3314 992 3368 vid.
1006 3315 1033 3370 L
1105 3321 1156 3370 679
1176 3335 1261 3370 κακο-

112 3397 284 3467 ταχεστάτων
304 3397 330 3450 Α
351 3399 355 3464 Ι
381 3404 523 3466 γυναικῶν
541 3396 568 3450 L
596 3412 730 3466 superscr.
750 3393 895 3466 δειάρχωῖ
919 3400 924 3465 Ι
949 3393 1001 3465 ἐγὼ
1021 3411 1131 3449 erasum
1150 3394 1180 3448 in
1199 3397 1226 3451 L

116 3481 167 3530 680
186 3473 383 3544 κατέρθωνται
402 3476 462 3547 (sed
481 3496 498 3531 ν
517 3480 637 3546 erasum)
659 3473 755 3546 τέχναι
775 3479 814 3544 Α,
842 3475 1045 3544 κατώρθωνται
1064 3474 1159 3547 τέχναι
1179 3476 1263 3531 aLP

114 3559 143 3610 et
168 3555 263 3626 schol„
288 3557 472 3625 κατώρθωται
491 3553 682 3626 (κατέρθωται
703 3557 738 3626 0)
762 3553 844 3626 τέχνη
868 3556 937 3625 EC,
965 3554 1145 3625 κατόρθαται
1163 3554 1262 3627 τέχνης

113 3640 181 3691 mut.
200 3635 231 3689 in
249 3633 446 3705 κατέρθωνται
463 3634 560 3707 τέχναι
579 3637 607 3690 Β
687 3642 737 3691 681
757 3645 791 3707 τῆ
810 3644 860 3707 σῆς
877 3637 904 3691 L
977 3642 1028 3691 689
1047 3635 1228 3706 διαφθορδιῖ

114 3721 165 3770 686
184 3715 292 3786 ἐργάσαο
312 3716 335 3771 C
352 3720 381 3771 et
398 3720 467 3772 mut.
486 3716 515 3770 in
535 3716 653 3785 εἰργάσω
671 3711 698 3772 L
723 3721 728 3788 Ι
751 3717 819 3780 Ζεύς
838 3718 879 3789 σε]
899 3716 1088 3785 Gust.Wolff‚
1115 3717 1184 3780 Ζεύς
1203 3714 1261 3772 εἰ)

113 3795 179 3851 libri
196 3795 280 3866 (ζεύά
298 3797 313 3851 δ
333 3797 369 3867 Β,
388 3794 414 3851 τ’
431 3815 485 3852 om.
507 3797 599 3866 GLP,
619 3796 722 3866 adm)
753 3798 757 3865 Ι
787 3795 892 3865 ἐμοῖθ
966 3800 1018 3849 684
1037 3794 1169 3865 τρόριζον
1189 3795 1262 3866 ἐκρί-

113 3888 194 3947 ψειεν
213 3880 239 3933 A
314 3882 365 3932 686
384 3877 430 3949 οὐ]
448 3876 486 3941 ὡς
503 3877 608 3947 Lumo,
632 3875 759 3946 &Bothe
832 3882 883 3931 686
902 3873 976 3932 οἶσιν
994 3877 1082 3931 AaP
1105 3881 1109 3948 Ι
1135 3876 1261 3933 κακεένο-

114 3978 162 4026 μαι
184 3958 208 4013 0
277 3962 328 4012 687
348 3957 412 4012 fort.
431 3958 465 4012 οὐ
483 3955 618 4028 κατέσχον
700 3963 752 4012 688
771 3959 816 4012 δεῖ
833 3957 863 4011 in
881 3974 935 4012 ras,
955 3958 982 4012 L
1007 3960 1011 4025 Ι
1036 3977 1083 4027 μοι
1103 3957 1138 4027 δὴ
1159 3958 1193 4028 0,
1213 3978 1260 4028 μοι

113 4039 159 4092 δεῖ
175 4038 202 4092 Β
276 4044 328 4092 689
349 4037 418 4109 ὀργῇ
438 4046 471 4110 σῇ
489 4036 661 4108 τεθηγμένος
679 4037 833 4093 Witzschel
910 4043 962 4092 690
982 4037 1031 4100 σὰς
1050 4038 1188 4107 ΔΕαὈ,
1212 4037 1262 4102 τὰς

113 4118 164 4172 αΒ
183 4123 235 4188 (γρ.
255 4117 307 4181 τὰς
325 4118 351 4186 6)
370 4119 431 4173 LP
514 4124 564 4172 691
585 4137 638 4174 om.
659 4120 700 4189 E,
720 4118 824 4174 delevit
842 4118 954 4173 Brunck
1041 4124 1092 4172 699
1111 4117 1144 4173 δὲ
1163 4119 1261 4188 ΑΕΘ,

112 4217 141 4253 τε
159 4199 277 4254 aBLP
383 4204 435 4253 698
454 4196 481 4269 χ’
500 4197 573 4262 ὅστις
591 4201 686 4255 ΔΕΒ
705 4203 731 4270 (ο
750 4199 781 4253 in
799 4221 821 4254 αι
840 4217 908 4255 corr.
929 4200 954 4269 b)
989 4202 993 4267 Ι
1021 4197 1047 4253 τ’
1065 4198 1230 4262 άκονταςθ

114 4284 165 4332 694
184 4279 258 4335 ἐστὶν
278 4278 342 4334 ΑΕ
421 4285 473 4333 699
493 4282 611 4348 ζητοῦσα
630 4279 657 4351 χ’
675 4276 757 4349 εὐρον
777 4277 904 4350 φάρμακ’
922 4280 950 4333 Ρ
976 4281 980 4348 Ι
1010 4274 1093 4346 εὖρον
1111 4278 1178 4332 libri
1208 4283 1212 4348 Ι
1242 4278 1261 4332 δι

114 4357 254 4430 βονάύμην
272 4359 379 4428 MP,
412 4357 599 4431 δι’βοαλόμην
618 4362 680 4429 aL,
713 4359 873 4434 ἃβοῖόμην
892 4360 932 4426 Β,
965 4357 1198 4429 ἃβονῖοέμηνθ

116 4444 166 4493 700
185 4437 213 4494 δ’
231 4437 370 4508 έξέκραξα
388 4438 477 4493 Cobet
506 4443 510 4508 Ι
539 4439 629 4508 κάρτα
648 4438 675 4512 γ’
692 4441 730 4503 Ε,
750 4440 828 4509 κάρτ’
847 4444 911 4509 (om.
931 4436 978 4509 άν)
998 4438 1022 4492 O
1044 4441 1048 4508 Ι
1073 4432 1109 4506 ἦν
1128 4437 1195 4492 libri

1067 4527 1102 4579 3*
