3044 4942
247 265 269 326 4

194 447 228 491 κο
248 431 372 491 στεῖλαι
396 428 476 510 μετὰ
499 436 559 492 τοῦ
581 429 713 509 παιδός,
738 427 841 493 αὐτὸν
865 425 903 493 dl
931 427 1122 494 ἀθανασίαν
1140 426 1394 511 προσδέξεσθαι,

246 537 388 618 τυχόντα
412 530 449 598 δέ
472 535 573 619 αὐτῆς
597 537 757 620 μακάρων
780 538 906 618 νήσους
929 537 1083 619 οἰκήσειν.

330 637 375 704 Ἡ
399 638 460 725 μὲν
488 644 593 726 σκηνὴ
621 652 682 708 τοῦ
711 644 878 727 δράματος
906 643 1076 708 ὑπόκειται
1105 643 1142 708 ἐν
1168 646 1275 729 Φθίᾳ,
1309 643 1327 709 6
1356 640 1393 709 δὲ

245 750 344 833 χορὸς
367 747 568 832 συνέστηκεν
597 750 632 815 ἐκ
658 752 861 815 Φθιωτίδιον
885 761 1063 833 γυναικῶν.
1108 754 1295 836 προίογίζει
1315 749 1388 814 Ἀν-

246 857 403 940 δρομάχη.
448 859 485 922 τὸ
514 855 551 922 δὲ
580 859 688 942 δρᾶμα
716 869 783 921 τῶν
812 857 986 940 δευτέρων.
1039 857 1057 922 6
1085 861 1250 940 πρόλογος
1277 868 1392 942 σαφῶς

191 981 225 1026 25
244 962 298 1028 καί
337 965 482 1047 εὐλόγως
519 965 707 1049 εἰρημένος·
744 959 783 1028 εὖ
816 960 853 1028 δὲ
884 962 939 1028 καί
971 965 1011 1028 τά
1043 963 1169 1047 έίεγεῑα
1201 966 1240 1028 τά
1274 962 1311 1028 έν
1343 964 1388 1048 τῷ

243 1073 361 1158 θρήνῳ
384 1081 442 1155 τής
460 1069 693 1156 Ἀνδρομάχης.
732 1070 836 1158 ἐντῷ
861 1070 1005 1159 δευτέρῳ
1028 1070 1119 1156 μέρει
1143 1071 1239 1154 ῥήσις
1257 1065 1389 1154 Ἐρμιό-

244 1203 305 1261 νης
336 1180 373 1243 τὸ
407 1181 580 1260 βασιλικὸν
614 1179 655 1244 οὐ
687 1182 870 1262 φαίνουσα,
907 1176 961 1242 καὶ
994 1178 1011 1242 6
1044 1180 1127 1263 πρὸς
1155 1176 1387 1261 Ἀνδρομάχην

244 1288 342 1368 λόγος
370 1286 411 1351 οὐ
438 1292 545 1362 καλῶς
574 1288 673 1369 ἔχων·
708 1279 745 1348 εὖ
774 1280 811 1349 δί
840 1285 857 1349 6
884 1288 1015 1368 Πηλεὺς
1039 1286 1057 1350 6
1080 1286 1142 1367 τὴν
1162 1280 1391 1369 Ἀνδρομάχην

244 1393 458 1476 ἀφελόμενος.

332 1595 366 1640 20
390 1586 421 1640 δὲ
446 1584 524 1641 εἶπεν
545 1589 572 1640 Ρ
604 1588 607 1657 ]
641 1586 858 1657 προσδέξεσθαι]
884 1585 995 1655 scripsi,
1025 1582 1231 1655 προσδέχεσθαι
1250 1584 1317 1638 libri

244 1673 275 1720 ‘21
301 1666 420 1737 τυχόντα
436 1711 441 1721 .
457 1711 463 1721 .
479 1667 615 1738 οἰκήσειν]
638 1668 793 1734 Hermann,
820 1668 911 1737 τυχὼν
927 1711 932 1720 .
949 1710 954 1720 .
970 1663 1077 1738 ᾤκησεν
1101 1664 1168 1719 libri
1192 1661 1302 1736 (ᾤκισεν
1326 1665 1363 1734 L)
1383 1673 1387 1736 ]

244 1745 273 1801 δὲ
294 1750 396 1816 ταύτης
415 1750 440 1802 L
458 1751 461 1816 ]
478 1748 624 1819 μακάρων]
645 1747 674 1800 Ε.
687 1746 841 1814 Schwartz,
861 1747 900 1808 εἰς
919 1745 1053 1815 μακάρων
1073 1745 1138 1799 libri
1212 1750 1317 1798 22—29
1337 1763 1390 1798 oni.

244 1831 302 1894 Aa,
320 1831 385 1897 post
408 1844 589 1897 personarum
609 1827 730 1881 indicem
749 1828 837 1880 habet
857 1829 883 1879 Ρ
963 1833 996 1880 22
1018 1826 1174 1898 ὑπόκειται]
1193 1824 1390 1891 Wssamowitz,

243 1917 331 1962 κεῖται
352 1907 417 1961 libri
506 1914 539 1961 23
559 1905 724 1976 συνέστηκεν
743 1925 796 1962 om.
816 1908 880 1961 ΒΕ
907 1910 911 1978 Ι
940 1905 1096 1976 προίογίζει
1116 1905 1146 1961 δὲ
1167 1907 1229 1960 ΕΡ
1305 1911 1341 1958 24
1359 1904 1391 1958 δὲ

243 2006 296 2044 om.
317 1989 346 2041 Ε
378 1991 382 2057 Ι
417 1987 504 2041 60111.
525 1987 602 2055 libri,
633 1987 744 2040 addidit
765 1987 890 2042 Lasearis
925 1991 930 2057 Ι
964 1988 1056 2057 σαφής
1075 1988 1103 2042 Ρ
1186 1994 1219 2040 25
1239 1983 1391 2054 εὑρημένος

243 2069 336 2136 Bergk
362 2071 365 2137 ]
392 2065 435 2139 εὖ]
454 2067 697 2136 Trendelenburg‚
719 2067 774 2121 ἔστι
793 2067 858 2121 libri
930 2075 964 2121 26
984 2077 1032 2138 τῆς
1051 2065 1182 2137 ἑρμιόνης
1200 2068 1231 2121 Ε
1301 2072 1335 2119 27
1355 2067 1388 2120 οἰι

243 2150 399 2218 φαίνουσα]
425 2149 528 2217 Bergk,
562 2146 721 2216 ὑφαίνουσα
751 2149 844 2202 BLP
868 2146 1077 2218 (ὑποφαίνουσα
1103 2147 1255 2216 Ιταοουτίτ),
1288 2145 1389 2215 ἐμφαί-

243 2248 331 2284 νουσα
351 2230 380 2282 Ε
452 2238 484 2281 28
504 2233 593 2292 καλῶς
613 2230 678 2296 ΕΡ,
698 2239 789 2291 κακῶς
805 2230 886 2298 ΒΕ]
905 2228 986 2300 ἔχων]
1006 2226 1151 2298 εἰρημένος
1170 2229 1200 2282 Ε
1215 2231 1219 2298 Ι
1236 2226 1267 2282 δὲ
1283 2229 1331 2282 καί
1352 2229 1390 2295 Β,

243 2309 273 2364 δὲ
296 2310 366 2381 ἔχων
385 2311 433 2364 καί
454 2311 483 2363 Ε
