3008 4944
731 280 936 332 ΕΤΡΠΠΔΟΤ

423 441 519 522 [ὄθεν
541 441 705 524 τύραννος
727 442 827 525 τῆσδε
850 452 910 526 γῆς
933 446 1142 523 καθίσταται]

419 545 474 613 καί
498 541 631 631 σκῆπτρ’
657 551 787 614 ἔπαθλα
809 551 909 633 τῆσδε
933 552 1094 634 λαμβάνει
1117 552 1250 634 χθονός.

418 666 520 739 γαμεῖ
541 650 578 719 δὲ
600 655 661 738 τὴν
684 664 847 721 τεκοῦσαν
871 657 933 722 οὐκ
955 658 1053 735 εἰδὼς
1075 657 1175 734 τάλας

420 759 492 827 οὐδ’
519 761 540 843 ἡ
563 770 704 828 τεκοῦσα
726 761 821 829 παιδὶ
845 762 1107 849 συγκοιμωμένη.

419 875 517 934 τίκτω
542 864 578 933 δὲ
601 871 721 946 παίδας
744 869 838 936 παιδὶ
862 872 924 936 δύο
948 868 1009 956 μὲν
1031 872 1189 956 ἄρσενας,
1374 885 1408 934 σε

417 974 587 1042 Ἐτεοκλέα
609 980 744 1059 κλεινήν
766 1001 801 1043 τε
825 980 1055 1056 Πολυνείκους
1077 981 1167 1062 βίαν,

419 1085 520 1168 κόρας
542 1107 578 1149 τε
602 1085 731 1162 δισσάς·
754 1087 816 1169 την
839 1083 900 1169 μὲν
920 1082 1077 1170 Ἰσμήνην
1100 1085 1207 1168 πατὴρ

421 1191 585 1275 ὠνόμασε,
606 1192 669 1275 τὴν
692 1189 729 1257 δὲ
752 1194 903 1277 πρόσθεν
923 1189 1127 1276 Ἀντιγόνην
1142 1192 1215 1276 ἐγώ.

419 1299 539 1383 μαθὼν
563 1294 599 1363 δὲ
621 1297 840 1385 τάμπλάκημα
863 1297 1026 1386 μητρῴων
1049 1300 1165 1383 γάμων

419 1405 437 1471 ὁ
460 1403 556 1471 πάντ’
584 1405 727 1482 ἀνατλὰς
752 1407 913 1484 Οἰδίπους
935 1409 1116 1490 παθήματα

419 1512 453 1590 ές
476 1509 597 1597 ὄμμαθ’
625 1513 729 1579 αὑτοῦ
752 1514 866 1578 δεινὸν
889 1513 1044 1598 ἐμβάλλει
1067 1515 1187 1597 φόνον,

417 1620 638 1704 χρυσηλάτοις
659 1623 842 1704 πόρπαισιν
865 1619 1004 1706 αίμάξας
1025 1622 1136 1706 κόρας.

420 1725 489 1793 έπεί
513 1723 550 1792 δὲ
573 1727 700 1792 τέκνων
723 1727 822 1811 γένυς
845 1726 933 1812 ἐμῶν
958 1727 1131 1810 σκιάζεται,

419 1833 581 1920 κλῄθροις
604 1836 753 1918 ἔκρυψαν
776 1833 904 1919 πατέρ’,
927 1832 972 1899 ἵν’
1000 1835 1161 1919 ἀμνήμων
1184 1833 1265 1917 τύχη

418 1939 550 2025 γένοιτο
574 1947 708 2007 πολλῶν
732 1941 872 2027 δεομένη
897 1941 1120 2026 σοφισμάτων.
1374 1956 1408 2004 υτ

420 2052 483 2127 ζῶν
502 2043 534 2113 δ’
557 2043 622 2114 ἔστ’
645 2047 682 2114 έν
701 2055 813 2126 οίκοις.
850 2047 989 2135 πρὸςδλ
1008 2057 1066 2132 τῆς
1083 2049 1185 2132 τύχης
1203 2057 1315 2113 νοσῶν

420 2155 501 2240 ἀράς
524 2156 641 2240 ἀρᾶται
663 2153 779 2221 παισίν
802 2156 1036 2239 ἀνοσιωτάτας,

418 2269 532 2352 θηκτῷ
557 2265 684 2352 σιδήρφ
708 2264 801 2348 δῶμα
824 2265 994 2348 διαλαχεῖν
1016 2263 1102 2330 τόδε.

419 2369 465 2434 τὼ
490 2367 520 2435 δ’
547 2370 580 2447 ἐς
604 2373 713 2454 φόβον
736 2372 885 2452 πεσόντε,
909 2371 953 2454 μὴ
976 2372 1198 2455 τελεσφόρους

419 2477 517 2563 εὐχάς
540 2475 617 2543 θεοί
640 2480 822 2561 κραίνωσιν
845 2478 1030 2543 οἰκούντων
1053 2476 1149 2561 όμοῦ,
1373 2493 1407 2540 ιο

420 2581 578 2668 ξυμβάντ’
604 2583 722 2663 ἔταξαν
744 2585 804 2649 τὸν
827 2584 991 2668 νεώτερον
1014 2584 1118 2668 πάρος

419 2692 557 2775 φεύγειν
581 2689 698 2756 ἑκόντα
721 2692 821 2774 τήνδε
844 2694 1035 2775 Πολυνείκη
1058 2692 1179 2776 χθόνα,

417 2791 585 2863 Ἐτεοκλέα
609 2794 645 2863 δὲ
669 2795 807 2883 σκῆπτρ’
833 2801 921 2882 ἔχειν
944 2796 1087 2882 μένοντα
1108 2805 1171 2881 γῆς

420 2904 574 2970 ἐνιαυτὸν
597 2902 807 2971 ἀλλάσσοντ’.
853 2903 923 2971 ἐπεὶ
947 2903 978 2970 δ’
1006 2903 1058 2971 ἐπὶ
1082 2911 1192 2988 ζυγοῖς

419 3010 566 3090 καθέζετ’
594 3012 703 3096 ἀρχῆς,
726 3012 768 3077 οὐ
790 3015 988 3097 μεθίσταται
1010 3014 1158 3098 θρόνων,
1373 3027 1406 3075 τε

419 3119 556 3202 φυγάδα
574 3117 606 3183 δ’
627 3119 760 3185 ἀπωθεῖ
775 3122 874 3204 τῆσδε
894 3122 1084 3203 Πολυνείκη
1103 3122 1236 3203 χθονός.

420 3225 437 3289 ὃ
459 3221 489 3288 δ’
504 3223 624 3309 Ἀργος
647 3225 769 3309 ἐλθών,
793 3228 895 3309 κῆδος
914 3223 1099 3307 Ἀδράστου
1120 3227 1244 3310 λαβών,

419 3334 548 3416 πολλὴν
571 3333 734 3417 ἀθροίσας
757 3331 868 3398 ἀσπίδ’
891 3331 1050 3418 Ἀργείων
1073 3334 1160 3414 ἀγει·

349 3524 381 3573 51
403 3516 508 3572 delevit
522 3516 700 3571 Valckenaer
771 3521 804 3570 52
824 3517 909 3571 schol.
929 3515 994 3587 παρ’
1016 3519 1111 3574 ούδενλ
1130 3526 1221 3572 κεῖται
1243 3517 1275 3571 τὸ
1295 3517 1408 3572 ἔπαθλα

259 3597 276 3668 ἢ
305 3597 380 3672 μόνφ
407 3604 445 3671 τῷ
470 3595 622 3670 Εὐριπίδη
653 3596 723 3653 ὄθεν
749 3597 959 3669 μεταγράφουσί
986 3618 1061 3662 τινες
1087 3600 1136 3653 καλ
1163 3606 1289 3668 σκῆπτρα
1317 3600 1409 3668 χώρας

260 3674 337 3734 ἆθλα
409 3686 444 3733 54
463 3678 539 3733 delet
557 3679 588 3732 R.
609 3677 691 3732 Prinz
763 3685 797 3733 55
817 3678 937 3747 ἄρσενας
952 3681 989 3748 Β,
1008 3679 1162 3748 ἀρριναςτ
1233 3685 1267 3732 57
1287 3678 1407 3748 λσμήνην

259 3762 287 3814 A
350 3764 383 3813 58
403 3757 540 3827 ὠινόμοισε
554 3761 582 3813 A
598 3763 602 3828 Ι
619 3755 685 3830 ἐγώ]
704 3767 774 3830 γυνη
792 3759 961 3813 Herwerden
1026 3767 1059 3815 59
1078 3757 1278 3830 τάμπλάκημα]
1298 3757 1407 3829 scripsi¹

259 3839 334 3909 τάμά
348 3838 446 3908 λέκτρα
460 3838 527 3893 libri
543 3843 548 3910 Ι
563 3849 691 3909 μητρῶον
705 3838 796 3912 γάμον
810 3842 838 3895 Β
882 3847 916 3895 60
936 3840 1012 3895 delet
1026 3840 1202 3896 Valckenaer
1245 3845 1278 3893 61
1300 3835 1405 3908 ὄμμαθ’

260 3921 347 3975 αὑτοῦ
365 3921 406 3988 F,
433 3918 533 3989 ὄμματ’
551 3920 672 3975 αύτοῦτ
744 3927 776 3974 62
796 3920 980 3991 χρυσηλάτοις
999 3923 1026 3977 A
1099 3927 1134 3975 64
1152 3918 1299 3987 κλήιθροις
1312 3919 1408 3986 Aa'b,

260 3998 473 4068 κλήθροιςαΒ,
493 3997 635 4069 κλείθροις
649 4001 705 4057 E'S
757 4007 792 4056 66
807 4006 859 4068 ζῶν
874 3999 968 4057 δέτίὃ·
1022 4001 1179 4069 silom
1234 4004 1268 4053 69
1286 3996 1354 4054 τώδ’
1366 3999 1409 4055 δύ

262 4084 295 4134 70
310 4079 404 4151 εόχάς]
419 4078 504 4149 ὄργάς
518 4082 546 4134 Β
562 4082 566 4152 ]
583 4081 743 4138 οίκούντοιν
757 4081 881 4152 Elmsley
942 4081 1106 4152 περιάγειν
1124 4076 1152 4134 δ’
1170 4080 1198 4133 Β
1214 4081 1219 4149 l
1235 4076 1407 4151 Πολυνείκη]

260 4160 397 4229 ΕΙτωεΙθγ,
420 4159 589 4231 πολυνείκην
607 4160 673 4215 libri
747 4169 779 4217 73
799 4171 939 4234 σκῆπτρον
957 4163 986 4217 Β
1059 4166 1092 4215 74
1112 4156 1259 4216 ἀλάσσοντ’
1278 4159 1327 4232 Β]
1347 4158 1408 4214 έπελ

261 4257 294 4295 ex
314 4239 364 4295 έπῖ
379 4257 448 4296 corr.
469 4243 484 4297 b
508 4246 512 4308 Ι
538 4246 609 4314 ζυγῷ
628 4244 655 4298 L
673 4264 716 4309 οις
735 4261 869 4314 superior.
889 4262 926 4300 m.
945 4259 999 4298 εει.
1073 4247 1106 4295 76
1125 4239 1243 4311 φυγάδα
1261 4256 1296 4293 ex
1315 4261 1410 4310 φυγας

261 4321 304 4375 vel
324 4321 419 4392 φυγάν
445 4326 477 4376 ul
502 4321 556 4376 vid.
577 4322 646 4378 fecit
664 4326 691 4379 A
713 4328 718 4396 Ι
742 4323 911 4398 Πολυνείκη]
936 4323 1068 4393 ΕΙιιιείεγ,
1094 4318 1263 4390 πολυνείκην
1288 4319 1356 4375 libri

141 4435 158 4473 1·
180 4434 195 4473 ·:
221 4399 358 4487 1]λόιό
373 4404 466 4479 ;ΒΕ8
483 4406 569 4474 κῆδος
586 4402 610 4457 τ’
629 4406 655 4460 L
671 4408 676 4477 1
691 4408 784 4478 λαβῶν
802 4406 831 4460 A
