3052 4934
241 276 263 339 4

191 456 225 504 00
244 440 303 504 τὸν
326 442 436 523 φόνον
458 442 669 524 γεγενῆσθαι.
714 449 776 506 τοὺ
799 437 837 506 δὲ
847 438 1005 525 Ἕκτορος
1026 438 1302 524 ἀπολογουμένου
1326 442 1389 524 τὴν

242 545 406 631 ἀλήθειαν
424 546 537 624 αὐτοῖς
555 545 720 631 ἐμήνυσεν
737 547 758 631 ἡ
777 545 967 630 τοὺῬησου
986 551 1092 632 μήτηρ
1111 547 1131 630 ἡ
1151 548 1389 632 <Τερὺιχόρη>

241 658 365 719 Μοῦσα
395 655 516 737 νεκρὸν
550 658 730 739 κομίζουσα
759 655 797 720 τὸ
828 666 932 738 σῶμα.
984 653 1233 738 κατοδυρομένη
1265 651 1303 720 δέ
1332 653 1389 719 καὶ

240 761 300 825 τὸν
322 759 540 827 έπιπλακέντα
570 762 652 847 αὐτῇ
677 764 857 846 Στρυμόνα
882 763 938 827 διδ
965 763 1003 827 τὸ
1030 769 1091 827 τοὺ
1118 762 1237 838 παιδὸς
1259 759 1389 840 πένθος

240 865 377 934 καὶτὸν
405 867 438 946 ἐξ
461 869 591 934 ἐκείνου
619 868 843 953 γεγενημένον
864 866 985 953 Ῥῆσον
1016 864 1090 935 οὐδ’
1114 866 1257 952 Ἀχιλλεῖ
1281 884 1389 953 φησιν

189 990 223 1038 25
243 973 432 1058 ἀδάκρυτον
455 965 592 1041 ἔσεσθαι
619 978 681 1060 τὴν
709 979 900 1061 στρατείαν,
927 983 973 1063 τῷ
996 982 1098 1063 κοινῷ
1121 985 1189 1039 τῶν
1211 973 1388 1058 ἐπιφανῶν

238 1083 377 1170 θανάτῳ
400 1084 462 1166 τὴν
485 1084 575 1161 ἰδίαν
597 1082 884 1167 παραμυθουμένη
909 1084 1026 1167 λύπην.

333 1193 439 1255 Τοῦτο
464 1189 501 1254 τὸ
526 1191 635 1274 δρᾶμα
659 1191 744 1254 ἔνιοι
766 1192 874 1256 νόθον
896 1189 1087 1273 ὑπενόησαν
1109 1189 1154 1267 ὡς
1179 1188 1241 1254 οὑκ
1259 1188 1300 1254 δν
1318 1189 1387 1254 Εὑ-

240 1298 397 1380 ριπίδου“
414 1296 474 1362 τὸν
496 1298 559 1379 γάρ
579 1298 789 1381 Σοφόκλειον
812 1301 939 1381 μᾶλλον
963 1296 1163 1380 ὑποφαίνειν
1186 1306 1386 1382 χαρακτῆρα.

241 1403 279 1469 ἐν
301 1401 417 1487 μέντοι
439 1413 510 1481 ταῖς
534 1404 765 1481 διδασκαλίαις
787 1403 832 1480 ὡς
850 1406 990 1487 γνήσιον
1009 1400 1266 1487 ἀναγέγραπται,
1289 1403 1386 1487 καὶὴ

187 1525 220 1572 00
239 1509 314 1594 περὶ
334 1512 374 1576 τά
392 1511 552 1596 μετάρσια
572 1507 608 1576 δέ
627 1510 664 1576 ἐν
683 1511 772 1599 αὐτῷ
791 1510 1098 1595 πολυπραγμοσύνη
1116 1511 1176 1575 τὸν
1194 1510 1387 1595 Εὐριπίδην

238 1617 402 1702 ὁμολογεῖ.
443 1620 604 1700 πρόλογοι
628 1614 665 1682 δὲ
689 1616 794 1682 διττοὶ
817 1616 986 1703 φέρονται.
1028 1616 1155 1701 δγοῦν
1175 1622 1387 1704 Δικαίαρχος

239 1720 382 1801 ἐκτιθεὶς
404 1725 466 1808 τὴν
488 1724 653 1790 ὑπόθεσιν
680 1734 740 1790 τοὺ
759 1719 879 1807 Ῥήσου
903 1725 1025 1810 γράφει
1047 1725 1129 1789 κατά
1152 1725 1240 1803 λέξιν
1265 1725 1386 1803 οὑτως·

397 1858 463 1915 νῦν
486 1848 668 1933 εὑσέληνον
691 1848 816 1934 φέγγος
837 1849 858 1933 ἡ
881 1851 1093 1936 διφρηλατος.

237 1972 292 2039 καὶ
314 1999 340 2038 τ.
364 1972 404 2039 εἴ·
433 1973 471 2040 έν
499 1973 601 2051 ἐνίοις
629 1971 667 2040 δέ
693 1985 761 2040 τῶν
791 1974 1007 2061 ἀντιγράφων
1035 1974 1145 2059 ἕτερός
1172 1998 1221 2052 τις
1247 1978 1386 2060 φέρεται

185 2097 219 2143 35
238 2084 413 2166 πρόλογος,
436 2084 531 2161 πεζὸς
553 2082 642 2148 πάνυ
665 2080 722 2148 καὶ
745 2082 787 2148 οὐ
809 2082 944 2169 πρέπων
964 2082 1144 2168 Εὐριπίδη·
1168 2080 1222 2147 καὶ
1240 2083 1322 2166 τάχα
1341 2084 1386 2148 ἄν

236 2212 324 2266 τινες
341 2200 409 2254 τῶν
427 2189 616 2273 ὑποκριτῶν
634 2191 882 2267 διεσκευακότες
895 2184 962 2256 είεν
978 2189 1090 2256 αὑτόν.
1127 2191 1193 2274 ἔχει
1212 2187 1249 2255 δὲ
1264 2188 1385 2268 οὑτως·

396 2309 423 2379 δ)
445 2323 507 2379 τοῦ
529 2318 686 2400 μεγίστου
710 2316 820 2398 Ζηνὸς
843 2316 983 2399 ἄλκιμον
1005 2316 1098 2392 τέκος

396 2422 546 2503 Παλλάς,
570 2424 605 2486 τί
626 2423 770 2505 δρῶμεν·
795 2421 857 2487 ούκ
880 2421 979 2506 ἐχρῆν
1002 2420 1087 2505 ὑμᾶς
1109 2423 1157 2485 ἐτι

395 2527 529 2613 μέλλειν
548 2526 689 2613 Ἀχαιῶν
712 2527 855 2614 ὠφελεῖν
877 2528 1113 2613 στρατεύματα.

395 2645 460 2702 νῦν
483 2638 545 2720 γὰρ
568 2646 676 2712 κακῶς
699 2636 906 2719 πράσσουσιν
929 2633 968 2700 ἐν
990 2636 1077 2721 μάχη
1102 2636 1217 2719 δορός,

395 2745 497 2828 λόγχη
520 2746 637 2826 βιαίως
650 2740 810 2826 Ἕκτορος
833 2742 1083 2827 στροβούμενοι.

323 2970 358 3018 20
375 2963 425 3018 τὸν
444 2980 497 3017 om.
516 2964 544 3017 Β
598 2970 631 3017 21
650 2966 716 3035 post
730 2962 881 3032 alterum)
900 2962 1024 3033 spatium
1042 2964 1176 3031 quattuor
1194 2961 1238 3018 vel
1252 2963 1379 3033 quinque
1440 2991 1451 3009 ·

233 3043 380 3099 literarum
394 3060 512 3099 vacuum
526 3043 575 3099 rel.
585 3045 622 3112 B,
640 3043 799 3114 Τερψιχόρη
814 3043 955 3114 supplevit
968 3044 999 3097 E.
1010 3042 1152 3098 Schwartz
1206 3049 1240 3096 22
1255 3041 1380 3113 κομίζειν

234 3127 262 3180 Β
291 3128 295 3194 Ι
324 3123 539 3194 κάποδυρομένη
560 3127 599 3191 Β,
619 3126 682 3179 fort.
702 3121 914 3194 κατοδυραμένη
994 3130 1078 3193 23sq.
1098 3123 1161 3178 fort.
1182 3121 1305 3191 πένθος,
1329 3133 1380 3179 τοὺ

233 3205 261 3270 ἐξ
281 3203 389 3261 ἐκείνου
408 3203 592 3276 γεγενημένου
605 3197 706 3274 Ῥήσου
732 3212 734 3272 λ
761 3205 852 3276 άχιλεῑ
869 3207 896 3260 Β
964 3210 998 3258 25
1016 3205 1067 3273 τὴν
1086 3202 1233 3272 στρατείαν
1252 3222 1307 3260 om.
1323 3207 1351 3260 Β
1372 3208 1376 3276 λ

232 3295 288 3341 τῶν
307 3287 353 3342 ἐπι
372 3303 425 3341 om.
445 3286 538 3356 spatio
557 3302 644 3340 vacuo
663 3285 711 3341 rel.
731 3286 759 3339 Β
820 3291 854 3339 27
873 3285 1056 3356 praeponitur
1074 3283 1274 3353 Aristophanis
1294 3300 1379 3355 argu-

232 3370 358 3421 mentum
373 3384 436 3421 cum
450 3383 631 3437 personarum
644 3365 738 3421 indice
751 3365 782 3420 in
796 3367 862 3433 LP‚
881 3365 950 3419 item
964 3363 1163 3435 An'stophanis
1182 3367 1380 3435 argumentum

232 3444 316 3518 ὅησος
335 3491 358 3503 ..
378 3446 501 3503 ἀνείλετο
525 3450 630 3517 (cetera
648 3446 760 3515 desunt)
782 3445 813 3500 in
834 3447 857 3501 0
888 3448 892 3513 Ι
926 3445 963 3508 ὡς
986 3447 1038 3500 οὑκ
1057 3442 1091 3501 δν
1109 3442 1256 3513 εόριπίδου
1275 3445 1379 3514 LPH,

232 3526 378 3596 εὑριπίδου
396 3527 428 3583 δὲ
447 3528 483 3598 μὴ
503 3524 577 3583 εἶναι
595 3528 654 3583 Bo
706 3533 740 3581 28
758 3528 791 3581 τδ
809 3526 862 3596 γὰρ
882 3528 910 3582 Ρ
933 3529 936 3594 Ι
962 3528 1065 3595 μᾶλλον
1085 3543 1138 3580 om.
1160 3526 1189 3591 0,
1208 3525 1305 3580 literas
1324 3529 1380 3595 μᾶλ

232 3625 285 3664 om.
306 3611 341 3675 B,
361 3608 453 3678 spatio
472 3625 560 3664 vacuo
578 3607 677 3663 relicto
698 3607 703 3680 Ι
724 3604 909 3677 ὑποφαίνειν]
924 3605 1109 3674 Valckenaer,
1128 3602 1284 3675 ὑποφαίνει
1303 3605 1379 3673 libri,

232 3686 420 3757 ὑπεμφαίνειν
430 3688 553 3743 Dindorf
604 3696 638 3743 20
653 3684 864 3750 διδασκαλείιιις
879 3687 902 3742 0
954 3692 988 3739 30
1003 3705 1173 3756 μειαιιισια
1184 3689 1221 3754 Β,
1236 3687 1325 3742 om.0

232 3774 265 3821 31
285 3767 317 3822 δὲ
332 3769 362 3824 ἐν
377 3770 451 3824 αὑτῶ
466 3771 554 3824 διττοὶ
574 3771 650 3839 ΒΟΙ
667 3766 850 3840 Δικαίαρχος]
864 3766 974 3834 Nauck,
993 3765 1109 3822 δικαίαν
1128 3767 1254 3834 BOLP,
1273 3783 1326 3821 om.
1347 3767 1381 3821 H

285 3854 319 3902 32
339 3850 461 3913 ἐκτιθεὶς
479 3850 543 3917 BC,
562 3849 700 3912 ἐπιτιθεὶς
718 3849 815 3904 LPH
875 3853 910 3902 34
929 3849 977 3902 καὶ
996 3865 1049 3903 om.
1071 3849 1093 3902 0
1116 3852 1120 3916 Ι
1146 3867 1168 3902 τ.
1188 3847 1209 3903 έ.
1229 3865 1282 3902 om.
1302 3846 1378 3916 libri,

231 3928 295 3983 add.
311 3928 499 3985 Wilamowitz
515 3933 520 4000 Ι
536 3927 651 3998 φέρεται
670 3930 773 3998 ΕΡΗ,
792 3927 925 3997 φαίνεται
945 3929 1002 3984 ΒΟ
1073 3935 1107 3982 35
1118 3946 1159 3997 οη.
1179 3927 1215 3982 άν
1234 3947 1308 3991 τινες
1321 3938 1378 3983 τῶν

231 4010 389 4077 ὑποκριτῶν
407 4011 476 4078 LB,
495 4011 559 4064 άντλ
578 4020 633 4065 τῶν
651 4011 809 4078 ὑποκριτῶν
827 4009 867 4075 Η,
891 4006 928 4063 δν
946 4018 1001 4064 τῶν
1020 4008 1180 4076 ὑποκριτῶν
1197 4028 1272 4071 τινες
1292 4010 1321 4076 0,
1340 4007 1377 4063 διν

230 4099 287 4144 τῶν
305 4091 464 4158 ὑποκριτῶν
482 4107 547 4143 cum
568 4089 661 4159 spatio
679 4090 765 4144 trium
784 4089 826 4144 lit.
845 4106 934 4143 vacuo
953 4091 981 4144 B
1054 4095 1087 4141 37
1106 4086 1185 4150 τέκος
1203 4105 1257 4144 om.
1278 4091 1305 4144 B

179 4234 180 4237 Ἴ
232 4175 265 4223 33
284 4166 311 4223 τί
329 4171 451 4242 δρῶμεν]
470 4169 618 4238 Momm,
637 4180 770 4240 παρῶμεν
790 4170 916 4237 ΒΟΙιΡ,
935 4179 1068 4238 παρῶμεν
1085 4177 1217 4237 παρῶμεν
1237 4169 1271 4222 Η
1342 4175 1376 4223 33

231 4250 385 4319 στράτευμα
406 4251 433 4304 Β
492 4256 526 4303 40
545 4248 631 4322 μάχη]
646 4249 832 4319 Valckenaer‚
852 4258 943 4320 μακρῇ
963 4253 990 4319 (η
1002 4264 1035 4303 ex
1050 4258 1071 4304 ῶ
1086 4249 1173 4318 facto)
1187 4248 1260 4317 BH,
1278 4259 1376 4318 μακρῶ

231 4330 260 4397 O,
279 4338 355 4400 μακῆ
373 4331 440 4399 LP,
458 4329 522 4385 fort.
541 4339 630 4401 τροπῇ
650 4330 708 4401 (cfr.
729 4334 774 4399 82)
851 4335 883 4384 41
903 4327 1015 4402 βιαίοις]
1035 4329 1193 4396 Hermann,
1212 4326 1293 4400 βιαία
1311 4330 1376 4397 130,

229 4409 325 4482 βιαίας
344 4411 441 4467 LPH
