3044 4942
741 256 947 309 ΕΥΡΙΠΙΔΟΥ

405 417 510 492 πόσας
532 412 574 479 ἂν
598 414 697 492 εὐνάς
718 415 878 502 θυγατέρ’
901 417 1105 502 ἠδικημένην

404 519 536 604 βούλοι’
557 521 598 587 άν
621 521 733 607 εὑρεῖν
756 522 777 606 ἢ
800 530 924 590 παθεῖν
947 524 1016 608 άγὼ
1038 526 1140 609 ’λίγω;

404 628 446 693 οὐ
468 630 531 713 χρὴ
551 623 601 695 ’πὶ
623 640 754 714 μικροῖς
776 633 902 716 μεγάλοι
923 634 1106 716 πορσύνειν
1128 635 1212 698 κακά

404 731 492 817 οὐδ’,
517 736 548 799 εί
569 735 725 818 γυναῖκές
748 736 847 822 ἐσμεν
870 738 992 822 ἀτηρὸν
1015 742 1129 821 κακόν,

403 842 528 925 ἄνδρας
550 840 705 924 γυναιξὶν
728 842 965 927 ἐξομοιοῦσθαι
988 848 1101 930 φύσιν.

401 947 495 1033 ’ἡμεῖς
516 950 580 1033 γάρ
604 951 636 1014 εί
657 951 720 1034 σὴν
742 952 846 1016 παῖδα
869 955 1126 1036 φαρμακεύομεν

402 1052 457 1120 καὶ
479 1057 588 1139 νηδὺν
612 1056 849 1143 ἐξαμβλοῦμεν,
873 1058 919 1135 ὡς
941 1059 1024 1143 αὐτὴ
1048 1058 1152 1142 λέγει,

309 1184 311 1187 ·
402 1161 534 1239 ἑκόντες
556 1163 618 1228 ούκ
641 1165 777 1241 άκοντες
800 1162 880 1230 οὐδὲ
903 1167 1024 1251 βώμιοι

400 1275 573 1347 πίτνοντες
596 1269 692 1337 αὐτοὶ
715 1272 777 1354 τὴν
801 1273 898 1356 δίκην
920 1271 1087 1358 ὑφίξομεν

405 1377 442 1443 ίν
466 1388 554 1443 σοῖσι
577 1379 754 1463 γάμβροις,
778 1371 866 1444 οἷσιν
889 1380 950 1445 ούκ
974 1379 1138 1448 ἐλάσσονα

400 1484 530 1569 βλάβην
553 1485 677 1571 ὀφείλω
700 1483 908 1571 προστιθεῖσ’
926 1485 1093 1554 ἀπαιδίαν.

402 1593 494 1677 ἡμεῖς
517 1588 579 1677 μὲν
602 1587 665 1658 οὖν
687 1595 827 1659 τοιοίδε
851 1603 909 1677 τῆς
932 1591 968 1659 δὲ
993 1605 1052 1679 σῆς
1075 1597 1199 1680 φρενὸς

400 1698 437 1764 ἕν
461 1716 526 1766 σου
549 1698 701 1765 δέδοικα·
726 1702 782 1766 διά
803 1705 997 1784 γυναικείαν
1021 1706 1093 1784 ἔριν

400 1804 454 1870 καὶ
478 1807 540 1889 τὴν
563 1807 724 1873 τάλαιναν
748 1808 872 1884 ὤλεσας
897 1812 1043 1892 Φρυγῶν
1065 1813 1173 1876 πόλιν.

329 1966 336 1979 .
400 1915 486 1997 άγαν
510 1914 620 1993 ἔλεξας
643 1914 688 1991 ὡς
710 1917 796 1999 γυνὴ
819 1917 902 1999 πρὸς
925 1917 1083 2001 άρσενας,

401 2026 459 2087 καί
481 2041 544 2088 σου
566 2024 604 2088 τὸ
628 2033 767 2106 σῶφρον
791 2021 997 2102 ἐξετύξενσεν
1020 2028 1151 2110 φρενός.

338 2181 344 2194 .
402 2131 517 2214 γύναι,
540 2126 611 2194 τάδ’
635 2127 705 2195 ἐστὶ
728 2131 849 2215 σμικρά
872 2128 927 2195 καὶ
950 2136 1131 2217 μοναρχίαις

399 2237 461 2303 ούκ
483 2233 561 2319 ἄξι’,
585 2237 630 2314 ὡς
652 2240 732 2320 φής,
756 2246 814 2320 τῆς
838 2237 916 2322 ἐμῆς
938 2233 1012 2304 οὐδ’
1034 2234 1200 2318 Ἑλλάδος.

398 2340 436 2410 εὖ
461 2341 491 2408 δ’
514 2341 599 2428 ἴσθ’,
623 2345 703 2409 ὅτου
726 2369 775 2422 τις
796 2347 953 2429 τυγχάνει
976 2350 1090 2432 χρείαν
1114 2351 1209 2431 ἔχων,

398 2446 489 2517 τοῦτ’
511 2448 585 2517 ἔσθ’
608 2449 734 2541 ἑκάστῳ
757 2455 868 2537 μεῖζον
891 2453 911 2537 ἣ
939 2456 1062 2535 Τροίαν
1087 2453 1182 2520 ἑλεῖν.

396 2558 486 2641 κάγὼ
508 2562 668 2643 θυγατρί·
692 2559 818 2643 μεγάλα
841 2560 904 2642 γάρ
928 2563 1030 2642 κρίνω
1054 2561 1148 2641 τάδε,

396 2665 513 2751 λέχους
536 2664 727 2750 στέρεσθαι·
751 2667 921 2750 σύμμαχος
942 2670 1153 2752 καθίσταμαι.

395 2775 435 2838 τά
458 2770 520 2858 μὲν
542 2774 605 2856 γάρ
629 2774 713 2838 άλλα
737 2767 864 2854 δεύτερ’
887 2772 929 2837 δν
951 2774 1060 2859 πάσχῃ
1084 2779 1185 2858 γυνή,

396 2881 519 2965 ἀνδρὸς
542 2878 572 2945 δ’
594 2875 819 2965 άμαριάνουσ’
841 2880 1020 2965 ἁμαρτάνει
1044 2885 1131 2966 βίον.

397 2990 529 3054 δούλιον
553 2985 584 3053 δ’
606 2987 735 3053 ἐκεῖνον
758 2999 826 3053 τῶν
850 2979 940 3072 ἐμῶν
962 2990 1077 3075 άρχειν
1099 2991 1206 3074 χρεὼν

395 3094 449 3160 καὶ
472 3106 540 3160 τῶν
565 3094 694 3161 ἐκείνου
716 3098 795 3173 τοὺς
817 3094 918 3180 ἐμοὺς
940 3097 1023 3180 ἡμᾶς
1045 3120 1080 3162 τε
1103 3101 1197 3180 πρός·
1352 3116 1404 3165 375

394 3205 503 3287 φίλων
526 3203 590 3285 γάρ
615 3200 715 3267 οὐδὲν
739 3204 827 3268 ἴδιον
850 3203 971 3280 οἵτινες
993 3207 1086 3288 φίλοι

350 3474 402 3522 350
420 3468 508 3529 πόσας
527 3464 554 3521 δ’
572 3467 631 3521 LP
715 3473 764 3521 351
785 3468 897 3538 βούλοιο
916 3468 952 3536 Ε,
972 3469 1064 3539 βούλει
1083 3469 1119 3536 B,
1138 3466 1265 3539 βούλομ’
1282 3471 1323 3537 A,
1342 3469 1405 3524 fort.

262 3547 330 3604 ίλοί
349 3551 353 3620 Ι
369 3549 499 3616 ἀνευρεῖν
517 3548 577 3601 BL
605 3545 641 3601 δν
660 3548 751 3615 εὑρεῖν
771 3548 786 3600 b
802 3550 806 3618 Ι
823 3546 841 3600 δι
861 3564 995 3616 superscr.
1016 3557 1054 3617 γῶ
1070 3551 1105 3615 A,
1134 3547 1193 3619 διγὼ
1209 3549 1244 3618 Β,
1263 3546 1335 3619 δι’γὼ
1350 3551 1410 3604 LP

297 3636 348 3684 352
368 3628 419 3699 χρὴ
438 3649 470 3682 πι
490 3630 537 3698 ΑΙ
562 3627 613 3698 χρὴ
633 3637 743 3696 πικροῖς
761 3629 792 3681 Ε
871 3633 923 3680 353
943 3629 975 3681 ού
995 3630 1041 3681 δεῖ
1057 3629 1085 3683 Β
1109 3631 1214 3684 corr.b
1300 3636 1351 3682 355
1370 3630 1406 3702 εί]

262 3711 301 3773 εἰς
319 3711 346 3764 Β
418 3713 469 3762 356
489 3710 590 3778 νηδοῖν
610 3709 644 3776 A,
665 3710 784 3777 νηδειε
804 3708 832 3760 Ρ
857 3709 985 3777 νηδδνγ
1005 3710 1009 3780 Ι
1033 3706 1103 3778 αύτη
1122 3711 1153 3763 Ε
1223 3716 1274 3763 358
1293 3707 1406 3765 πίτνον-

260 3794 315 3864 τες]
338 3791 471 3859 ΕΙιοεΙογ,
490 3787 635 3851 πιτνόντες
653 3790 722 3856 ΑΒ,
740 3798 892 3850 πεινῶντες
911 3788 947 3855 Ε,
967 3796 1131 3852 πιτνοῦντες
1150 3790 1209 3843 LP
1293 3796 1344 3844 350
1364 3791 1406 3862 ἐν]

260 3882 319 3935 τοῖς
337 3871 438 3925 Nauck
524 3875 576 3923 360
595 3871 757 3936 προστιθεὶς
776 3871 815 3937 Α,
842 3866 1000 3938 προτιθεῖσ’
1018 3870 1045 3923 Β
1071 3872 1075 3940 Ι
1100 3868 1251 3942 ἀπαιδίαν]
1271 3869 1407 3941 ἀβουλίαν

261 3953 335 4021 AB,
363 3972 404 4020 γρ.
424 3948 598 4018 προστιθεῖσ’
615 3948 753 4004 ἀπαιδίαν
772 3965 908 4019 superscr.
927 3950 955 4002 B
1063 3956 1113 4003 361
1133 3952 1238 4005 τοιοῖδε
1257 3952 1318 4006 AB
1349 3971 1406 4005 τοι·

260 4031 355 4088 οίδεδ
463 4034 514 4082 362
540 4029 602 4084 fort.
623 4027 759 4100 ἀβουλίαν
783 4033 827 4100 (ex
846 4048 871 4083 v.
887 4036 948 4094 360)
972 4027 1102 4084 δέδοικα·
1122 4030 1171 4084 διὰ
1190 4040 1310 4101 γυναῖκα
1330 4031 1403 4103 γὰρ,

260 4111 425 4183 γνναικίαν
444 4111 472 4163 Ρ
493 4107 695 4179 γυναικείανγ)
811 4115 862 4163 363
882 4108 984 4173 ωλέοας
1003 4113 1030 4165 A
1064 4114 1068 4181 Ι
1102 4108 1183 4165 πόλιν
1207 4121 1322 4181 φρυγῶν
1341 4113 1372 4165 Ε

260 4200 312 4247 365
332 4189 484 4258 ἐξετίξευσε
504 4190 670 4259 ABELP,
702 4190 866 4260 ἐξετοξεύθη
886 4191 1024 4245 recentior
1042 4190 1127 4259 liber,
1156 4191 1203 4245 cfr.
1224 4192 1343 4260 Hesych.
1364 4191 1405 4258 ἐξ·

260 4272 417 4339 ετόξενσεν·
438 4268 564 4336 ἐξέπεσεν
642 4277 692 4325 363
713 4279 780 4341 φῆις
799 4274 826 4327 A
903 4278 954 4325 360
974 4281 1072 4338 τροῖαν
1092 4273 1120 4327 A
1192 4277 1243 4325 372
1262 4271 1311 4345 διν]
1330 4273 1406 4327 Mus-

260 4395 353 4453 ffave,
373 4376 485 4433 οιιιοιῑ
502 4380 505 4449 ι
521 4357 619 4450 πισχῖί
634 4380 661 4433 P
