3008 4944
722 339 928 391 ΕΤΡῙΠΙΔΟΤ

389 499 423 578 ές
444 503 524 578 τοὺς
545 503 700 578 τεκόντας
722 500 763 566 οὐ
786 502 924 578 καλούς·
947 501 984 567 τὸ
1008 499 1040 566 δ’
1061 500 1137 587 ὄμμ’
1160 498 1211 567 bel

389 609 587 691 φαιδρωπὸν
611 606 727 673 ἐδίδου
748 619 856 673 τοῖσιν
880 611 1050 692 Αἰγίσθου
1073 612 1193 693 φίλοις.

389 717 428 780 τὸ
451 716 515 799 γὰρ
538 713 634 798 γένος
656 723 825 781 τοιοῦτον·
850 713 902 781 ἐπὶ
925 717 984 782 τὸν
1007 716 1127 801 εὐτυχῆ

389 821 516 906 πηδῶσ’
539 819 589 888 ἀεὶ
612 826 767 906 κήρυκες·
792 823 849 888 ὅδε
873 820 903 888 δ’
926 823 1040 901 αὐτοῖς
1061 827 1175 908 φίλος,

390 930 427 1008 δς
450 928 492 994 δν
516 929 656 1014 δύνηται
678 931 797 1006 πόλεος
820 932 856 995 έν
879 924 908 994 τ’
930 930 1084 1015 ἀρχαῖσιν
1109 920 1137 1014 ᾖ.

389 1036 442 1103 έπὶ
465 1038 550 1125 τςδδε
574 1034 604 1103 δ’
627 1037 767 1120 ἠγόρευε
790 1039 964 1122 Διομήδης
987 1038 1077 1117 ἅναξ.

389 1140 487 1222 οὗτος
508 1154 642 1209 κτανεῖν
666 1140 727 1228 μὲν
750 1145 826 1211 οὔτε
850 1141 881 1210 σ’
904 1145 981 1211 οὔτε
1005 1145 1173 1230 σύγγονον

389 1256 456 1333 εία,
480 1258 572 1335 φυγῇ
596 1246 633 1316 δὲ
657 1254 853 1335 ζημιοῦντας
877 1251 1036 1335 εὐσεβεῖν.

388 1359 621 1442 ἐπερρόθησαν
645 1352 675 1422 δ’
698 1361 733 1424 οἳ
753 1354 815 1443 μὲν
837 1359 882 1435 ὡς
905 1365 1012 1435 καλῶς
1035 1356 1144 1441 λέγοι,

389 1469 425 1532 οἳ
445 1463 475 1530 δ’
499 1465 562 1531 οὐκ
585 1462 741 1552 ἐπῄνουν.
787 1463 866 1531 κάπὶ
888 1463 967 1553 τῷδ’
991 1465 1163 1531 ἀνίσταται

389 1573 474 1657 άνηρ
497 1597 548 1650 τις
571 1572 847 1656 ἀθυρόγλωσσος,
873 1575 997 1658 ίσχόων
1019 1572 1157 1658 θράσει,

385 1677 531 1764 Ἀργεῖος
554 1679 616 1746 οὐκ
636 1674 795 1765 Ἀργεῖος,
818 1679 1084 1766 ἠναγκασμένος,

389 1788 529 1875 θορύβῳ
553 1811 588 1854 τε
610 1790 751 1865 πίσυνος
774 1787 920 1873 κάμαθεῖ
940 1790 1123 1875 παρρησίᾳ,

387 1895 533 1973 πιθανὸς
555 1888 601 1960 ἔτ’
623 1894 744 1972 ἀστοὺς
766 1898 958 1979 περιβαλεῖν
980 1896 1069 1983 κακῳ
1093 1914 1174 1960 τινι·

390 2001 486 2088 [ὅταν
509 2002 572 2086 γάρ
595 2001 680 2085 ἡδύς
701 2025 751 2080 τις
774 2005 886 2085 λόγοις
908 2013 1047 2087 φρονῶν
1069 2013 1176 2079 κακῶς

388 2113 491 2196 πείθη
513 2111 552 2176 τὸ
575 2114 720 2193 πλῆθος,
744 2118 783 2194 τῇ
805 2112 900 2174 πόλει
924 2112 1027 2175 κακὸν
1049 2109 1145 2194 με’γα·

388 2216 462 2283 ὅσοι
486 2213 523 2282 δὲ
546 2219 611 2283 σὺν
634 2225 682 2304 νβ
706 2217 829 2302 χρηστά
851 2211 1051 2301 βουλεύουσ’
1072 2216 1138 2299 ἀεί,

387 2322 451 2389 κᾶν
473 2326 518 2409 μὴ
540 2319 730 2407 παραυτίκ’,
753 2318 854 2402 αὖθίς
877 2325 941 2389 είσι
963 2327 1119 2409 χρήσιμοι

387 2433 488 2497 πόλει.
534 2436 682 2496 θεᾶσθαι
706 2427 737 2495 δ’
759 2425 824 2496 ὧδε
848 2432 909 2515 χρὴ
933 2432 993 2497 τὸν
1016 2430 1206 2515 προστάτην

388 2536 515 2604 ἰδόνθ’·
540 2539 658 2622 ὅμοιον
680 2539 744 2621 γάρ
767 2539 805 2604 τὸ
827 2548 935 2624 χρῆμα
958 2541 1107 2622 γίγνεται

385 2646 430 2732 τῳ
453 2649 533 2723 τοὺς
556 2648 676 2729 λόγους
699 2643 829 2730 λέγοντι
852 2643 907 2711 καὶ
930 2645 1127 2733 τιμωμένῳ]

389 2752 426 2830 ὃς
449 2747 513 2818 εἶπ’
537 2751 691 2836 Ὀρέστην
714 2749 770 2818 καὶ
792 2751 823 2817 σ’
845 2752 1037 2819 ἀποκτεῖναι
1059 2751 1191 2837 πέτροις

389 2859 586 2942 βάλλοντας·
610 2859 675 2926 ὑπὸ
699 2857 730 2924 δ’
753 2862 856 2926 ἔτεινε
884 2860 1080 2944 Τυνδάρεως
1102 2862 1228 2943 λόγους

388 2969 445 3056 [τῳ
471 2968 545 3051 σφὼ
568 2970 816 3033 κατακτείνοντι
839 2968 1012 3046 τοιούτους
1035 2965 1168 3051 λέγειν]

385 3076 485 3152 ἄλλος
508 3068 539 3139 δ’
560 3074 705 3152 ἀναστὰς
727 3077 818 3158 ἔλεγε
842 3070 919 3163 τῷδ’
941 3073 1093 3159 ἐναντία,

342 3346 395 3395 899
414 3340 453 3413 ές]
473 3339 498 3395 εἰ
517 3343 553 3408 Α,
573 3340 613 3402 είς
631 3339 672 3396 A*
728 3344 849 3394 896-91
870 3339 946 3394 delet
964 3338 1086 3394 Dindorf
1137 3345 1189 3394 896
1209 3337 1342 3403 όδαντοῖς
1359 3337 1398 3407 L!

253 3422 364 3475 αὑτοῖσι·
384 3423 409 3478 G
464 3427 515 3476 897
535 3417 635 3484 πόλεος
648 3421 742 3486 ΛοΕ,
761 3418 866 3481 πόλεως
883 3419 982 3487 a³BS,
1001 3422 1130 3475 πλεῖστον
1144 3419 1173 3474 9.
1189 3418 1241 3473 Gu.
1258 3418 1398 3489 Schmidt!

253 3501 283 3557 έν
302 3521 330 3557 τε
348 3503 375 3557 L
465 3507 518 3557 898
537 3497 604 3573 τῷδ’
627 3498 743 3571 ἠγόρευε
766 3502 793 3555 L
818 3503 823 3569 Ι
848 3498 980 3570 ἠγόρευσε
1000 3501 1028 3554 Β
1117 3505 1170 3555 899
1189 3497 1214 3554 σ’
1235 3499 1302 3555 οὐδὲ
1322 3502 1350 3557 A

253 3588 304 3636 900
323 3580 379 3636 είαι
399 3602 417 3636 ο
489 3587 539 3636 901
560 3583 624 3635 λαοὶ
643 3577 670 3635 δ’
688 3579 885 3650 ἐπερρόθησαν
904 3582 967 3647 aL,
986 3580 1035 3635 cfr.
1055 3581 1122 3634 Hec.
1142 3585 1194 3634 5⁶3
1215 3584 1219 3649 Ι
1241 3577 1269 3634 δ’
1292 3583 1400 3650 praeter

253 3665 304 3717 aL
323 3679 376 3716 om.
396 3664 465 3731 ΑΒ,
485 3661 626 3732 supplevit
645 3661 686 3714 A*
701 3662 705 3733 1
722 3659 793 3732 λέγει
812 3662 879 3728 BL,
898 3658 971 3730 λέγοι
991 3662 1007 3714 b
1069 3666 1120 3714 902
1139 3659 1185 3714 ἐπὶ
1204 3658 1235 3714 δέ
1254 3658 1323 3733 τῷδ’
1340 3662 1367 3714 Β

253 3748 304 3795 905
324 3744 441 3813 κάμαθη
461 3744 487 3797 L
560 3748 611 3797 906
631 3742 757 3804 πιθανὸς
775 3738 839 3795 ὥστ’
856 3741 896 3808 L,
916 3740 1013 3804 ἱκανὸς
1031 3738 1070 3795 ἔτ’
1087 3739 1252 3794 Heimsoeth
1269 3742 1273 3811 Ι
1289 3740 1398 3811 ἀστοὺς]

252 3821 440 3890 Valckenaer‚
464 3824 567 3886 αὐτοὺς
589 3822 655 3876 libri
742 3827 883 3875 907-919
906 3820 1010 3876 delevit
1034 3820 1182 3875 Kirchhoff
1197 3823 1261 3888 (913
1281 3820 1399 3876 eiecerat

253 3903 404 3971 Hermann,
424 3908 547 3957 904-13
561 3903 700 3973 Hartung‚
720 3908 771 3956 912
783 3920 823 3971 sq.
839 3901 938 3955 Nauck
958 3900 1109 3968 deleverat,
1129 3899 1232 3971 spuriis
1251 3900 1334 3955 addit
1350 3906 1399 3955 906

253 3981 379 4049 Dindoff,
399 3988 522 4036 σοι-ιο
540 3982 628 4036 habet
644 3982 721 4037 εισι).
737 3983 762 4036 fl.
780 3987 828 4048 ιε,
844 3985 870 4049 ε)
925 3986 976 4034 σοι
998 3981 1067 4050 μσς
1084 3982 1137 4052 τις]
1155 3980 1314 4050 Musgrave,
1333 3981 1399 4051 ητις

252 4071 311 4125 τοῖς
329 4062 396 4116 libri
451 4068 502 4116 909
522 4068 596 4134 οννῷ
617 4064 656 4130 Δ,
676 4064 727 4117 οδν
747 4067 786 4135 νῷ
805 4061 847 4118 Α’
901 4067 950 4115 911
963 4079 1003 4129 sq.
1023 4061 1073 4116 τὸν
1091 4060 1250 4130 προστάτας
1268 4057 1396 4129 κρίνονθ’

254 4142 418 4197 ΗοίωεοοίΙι
495 4149 546 4197 912
567 4140 665 4210 δμοιον
684 4159 718 4198 ex
736 4143 845 4212 δμοῖοιν
863 4144 896 4195 ut
914 4141 968 4195 vid.
988 4158 1056 4196 corr.
1075 4141 1125 4209 A¹,
1144 4141 1244 4210 όμοῖον
1262 4142 1309 4197 aS
1331 4142 1335 4213 Ι
1360 4138 1397 4211 γί-

252 4242 330 4277 νεται
350 4224 377 4277 Β
384 4223 405 4276 S
494 4228 546 4276 919
566 4223 613 4276 καλ
632 4222 788 4296 τιμωμένῳ]
806 4227 844 4295 τῷ
863 4221 888 4276 τ’
906 4218 1013 4295 ἰωμένῳ
1032 4221 1144 4275 Brunck
1163 4219 1233 4291 (χερί
1251 4218 1280 4275 τ’
1296 4220 1398 4294 ἰωμένῳ

252 4303 410 4373 musgrave)
461 4309 513 4356 914
528 4300 706 4358 ἀποκτείνειν
720 4305 756 4373 Β,
776 4303 941 4358 ἀποκτείναι
956 4304 980 4371 b,
999 4303 1165 4357 ἀποκτενεῖν
1179 4302 1205 4355 L
1257 4308 1309 4357 915
1328 4300 1396 4356 δὲΑ

252 4389 303 4437 916
323 4381 536 4438 κατακτείναντι
556 4384 628 4450 BL,
653 4381 863 4438 κατακτείνοντι
887 4403 902 4437 ο
925 4382 955 4436 in
978 4400 1031 4437 ras.
1052 4382 1203 4452 scripboG
1229 4385 1233 4449 Ι
1258 4382 1397 4442 τοιοότονς

251 4480 285 4517 ex
304 4471 429 4526 τοιοῦτος
447 4463 515 4518 feeit
534 4467 560 4519 A
577 4471 581 4533 ι
597 4480 707 4517 versum
726 4462 832 4517 delevit
851 4462 925 4517 Weil
