3044 4942
562 290 788 343 ΔΝΔΡΟΜΑΧΗ
1205 290 1248 352 23

232 451 287 518 καί
310 451 415 537 τάμφὶ
438 462 502 518 σοῦ
524 450 587 537 μὲν
610 448 668 518 ὧδ’
692 448 808 536 ἔχοντ”
821 452 991 519 ἐπίστασο·
1192 470 1246 518 430

232 562 271 625 τὰ
296 558 326 625 δ’
349 558 434 645 ἀμφὶ
458 562 577 638 παιδὸς
599 562 699 625 τοῦδε
721 571 799 637 παῖς
822 561 882 645 ίμη
904 570 1027 644 κρινεῖ,

231 669 274 750 ἦν
296 692 332 734 τε
354 679 487 734 κτανεῖν
510 693 567 733 νιν
590 669 633 751 ἦν
655 691 690 732 τε
711 669 758 752 μὴ
783 679 917 733 κτανεῖν
940 665 1035 752 θίλη.

232 774 304 841 ἀλλ’
325 773 397 860 ἕρπ’
419 776 453 852 ἐς
475 782 588 852 οίκους
609 772 740 856 τούσδ’,
764 771 808 838 ἵν’
831 776 878 850 είς
901 774 1101 859 ἐλευθέρους

233 884 337 966 δούλη
361 894 492 966 γεγῶσα
514 879 634 968 μήποτ’
657 881 804 966 ὑβρίζειν
826 881 948 967 μα’θης.

167 1042 173 1055 .
234 995 341 1075 οίμοι·
364 991 454 1079 δόλφ
476 987 510 1074 μ’
532 989 696 1073 ὑπῆλθες,
719 988 925 1072 ἠπατήμεθα.

168 1148 175 1162 .
231 1095 370 1181 κηρυσσ’
392 1098 532 1163 ίίπασιν·
556 1097 684 1180 οὐγὰρ
709 1096 948 1181 ἐξαρνούμεθα.

166 1254 174 1269 .
234 1200 254 1287 ἦ
277 1202 370 1269 ταῦτ’
393 1203 430 1270 ἐν
453 1204 534 1289 ὑμῖν
557 1215 627 1280 τοῖς
649 1200 726 1287 παρ’
750 1202 892 1290 Εὐρώτα
915 1205 1021 1287 σοφοί;

170 1364 176 1376 .
231 1310 286 1377 καὶ
308 1323 378 1390 τοῖς
400 1334 438 1395 με
466 1313 585 1398 Τροίᾳ,
608 1312 687 1386 τοὺς
709 1312 881 1385 παθόντας
903 1308 1074 1392 ἀντιδρᾶν.

167 1471 173 1485 .
233 1420 272 1485 τὰ
296 1426 375 1484 θεῖα
400 1416 430 1483 δ’
454 1417 495 1484 ου’
518 1412 586 1483 θεῖ’
608 1413 682 1482 οὐδ’
704 1419 792 1501 ἔχειν
814 1416 879 1501 ἡγῇ
904 1418 1016 1501 δίκην;

169 1579 175 1590 .
231 1527 312 1591 ὅταν
334 1522 408 1590 τόδ’
429 1515 465 1611 ᾖ,
488 1521 558 1590 τότ’
581 1530 730 1608 οίσομεν·
754 1520 792 1588 σε
815 1520 852 1588 δὲ
874 1534 989 1589 κτενῶ.
1195 1543 1249 1590 440

167 1688 173 1699 .
221 1628 252 1716 ἦ
276 1631 331 1698 καί
355 1633 498 1698 νεοσσὸν
519 1628 627 1714 τόνδ’,
651 1632 716 1696 ὑπὸ
740 1640 868 1715 πτερῶν
892 1632 1034 1709 σπόσας;

169 1789 177 1805 .
232 1740 273 1805 ου’
297 1741 397 1823 δῆτα·
420 1736 566 1823 θυγατρὶ
589 1736 636 1819 δ’,
659 1737 702 1821 ἣν
724 1738 824 1823 θέλη,
849 1739 947 1803 δώσω
969 1750 1112 1805 κτανεῖν.

167 1897 174 1913 .
233 1853 338 1932 οῖμοι·
361 1850 396 1912 τί
417 1846 499 1931 δῆτά
523 1842 553 1911 σ’
575 1845 617 1911 οὐ
639 1845 843 1928 καταστένω,
868 1844 1002 1923 τέκνονς

170 2004 178 2019 .
233 1955 359 2020 οὔκουν
382 1953 525 2038 θρασεῖα
547 1950 578 2037 μ’
602 1953 705 2018 αὐτὸν
729 1950 820 2029 ἐλπίς
843 1951 989 2037 ἀμμένει.

168 2112 175 2126 .
236 2057 262 2127 ὦ
285 2070 388 2127 πᾶσιν
410 2060 645 2145 ἀνθρώποισιν
668 2063 819 2144 ἔχθιστοι
842 2062 973 2144 βροτῶν

234 2168 390 2251 Σπάρτης
414 2169 555 2250 ἔνοικοι,
579 2168 676 2233 δόλια
699 2168 939 2250 βουλευτήρια,

232 2276 369 2353 ψευδῶν
391 2276 543 2356 ἄνακτες,
567 2273 823 2359 μηχανορρώφοι
846 2285 968 2356 κακῶν,

232 2381 343 2449 ἑλικτὰ
365 2378 490 2448 κούδὲν
511 2379 618 2463 ὑγιές,
643 2380 727 2447 ιἰλλδ
750 2389 817 2446 πᾶν
839 2380 933 2464 πέριξ

233 2497 455 2574 φρονοῦντες,
478 2488 602 2566 ἀδίκως
625 2482 785 2572 εὐτυχεῖτ’
807 2485 859 2552 ἀν’
881 2485 1033 2555 Ἑλλάδα.

232 2600 268 2662 τί
288 2594 319 2661 δ’
343 2597 405 2662 οὐκ
428 2596 465 2661 ἐν
488 2596 569 2681 ὑμῖν
592 2595 698 2674 ἑστινς
723 2595 764 2660 οὐ
788 2600 936 2660 πλεῖστοι
959 2599 1075 2681 φόνοις

233 2703 295 2768 οὐκ
318 2705 582 2788 αἰσχροκερδεῖς,
605 2702 646 2767 ου’
670 2700 823 2785 λέγοντες
846 2704 929 2768 όίλλα
952 2700 1014 2787 μὲν

234 2811 383 2896 γλώσσῃ,
408 2819 616 2895 φρονοῦντες
639 2803 670 2875 δ’
691 2807 763 2875 ἄλλ’
786 2806 1020 2895 ἐφευρίσκεσθ’
1042 2811 1097 2877 ἀεί
1103 2839 1112 2890 ;

235 2915 377 2984 δλοισθ’.
424 2916 497 3002 ἐμοὶ
521 2915 558 2983 δὲ
581 2918 729 2995 θώνατος
753 2917 814 3002 οὐχ
839 2917 926 2983 οὕτω
950 2921 1056 3004 βαρὺς

236 3025 279 3101 ώς
303 3023 357 3091 σοὶ
382 3024 550 3092 δέδοκταιΙ
575 3035 669 3090 κείνα
692 3025 755 3110 μοίρ
779 3022 812 3108 μ’
835 3023 1017 3109 ἀπώλεσεν,

233 3130 288 3196 ὅθ’
310 3131 331 3215 ἡ
354 3133 493 3199 τάλαινα
516 3134 611 3208 πόλις
634 3131 794 3216 ἀνηλώθη
820 3136 967 3216 Φρυγῶν
1195 3151 1247 3198 455

233 3243 329 3317 πόσις
352 3237 387 3304 θ’
410 3239 428 3306 δ
452 3242 596 3320 κλεινός,
621 3238 657 3316 ός
681 3256 718 3302 σε
741 3240 898 3316 πολλάκις
923 3237 997 3322 δορί

108 3348 324 3459 η-43οόἔη-ον
344 3390 372 3441 P
400 3385 425 3442 τ’
444 3387 507 3442 add.
521 3406 547 3456 p
636 3394 687 3440 431
708 3384 832 3456 κρίνειὺ
921 3394 974 3442 432
994 3398 1092 3444 κτανελ
1110 3391 1141 3443 Ε
1168 3391 1172 3461 Ι
1203 3411 1250 3446 νιν

100 3486 152 3523 om.
173 3471 201 3525 A
230 3472 234 3536 Ι
263 3478 376 3524 κτανεῖν
395 3470 430 3536 L,
449 3464 569 3522 κτείνειν
589 3470 649 3522 ΑΒ
669 3470 760 3538 (ανειν
779 3485 914 3538 superscr.
935 3471 961 3537 b)
982 3470 1020 3536 Ε,
1052 3478 1160 3525 κτεῖναι
1180 3471 1208 3525 P

99 3556 150 3603 433
170 3548 209 3612 είς
230 3549 290 3606 AL
309 3549 386 3618 (όςῖ)
465 3555 518 3601 434
537 3545 652 3617 μήποθ’
671 3551 710 3616 A,
730 3546 832 3617 μηκέθ’
850 3548 937 3617 Paley
1013 3555 1138 3605 437-45
1157 3566 1252 3621 perso-

100 3648 198 3685 narum
216 3633 298 3684 notas
317 3647 371 3684 om.
391 3631 418 3684 B
438 3646 485 3682 eas
504 3634 555 3681 437
580 3631 609 3682 et
627 3634 750 3681 441-45
771 3629 835 3684 add.
856 3631 871 3682 ῖι
935 3636 987 3684 438
1007 3631 1061 3685 κάν
1079 3630 1228 3686 Kirchhoff
1246 3638 1251 3707 Ι

100 3729 128 3779 γε
149 3713 171 3779 l,
189 3728 219 3763 τε
238 3712 277 3778 L,
296 3708 323 3781 μ’
341 3709 372 3764 ἐν
390 3711 428 3777 Ρ,
447 3706 472 3762 τ’
486 3708 515 3763 ἐν
536 3711 563 3763 Β
582 3711 611 3762 et
628 3708 737 3762 factum
756 3725 789 3762 ex
809 3727 849 3763 ιν
869 3711 909 3779 Ε,
939 3711 969 3766 ἐν
991 3715 1017 3766 A
1090 3718 1142 3764 439
1163 3711 1248 3781 ἔχειν]

99 3791 162 3845 fort.
183 3791 254 3858 δρᾶν
272 3789 297 3844 τ’
408 3795 461 3842 440
484 3782 583 3856 uari,
609 3786 667 3842 τότ’
690 3790 750 3843 LP
771 3789 888 3858 (factum
913 3791 942 3844 in
962 3792 989 3844 L
1008 3808 1041 3845 ex
1060 3789 1123 3846 τώδ’
1141 3787 1158 3860 ἦ
1177 3789 1252 3859 τόν),

99 3868 157 3925 τόδ’
175 3866 193 3939 ἦ
211 3868 240 3939 (ἢ
260 3873 297 3938 A)
315 3868 378 3924 τώδ’
395 3888 422 3936 r,
450 3867 512 3923 ποτ’
531 3862 548 3941 ᾖ
567 3867 630 3922 τάδ’
649 3869 767 3936 Nauck,
796 3868 865 3942 μόλη
885 3871 940 3940 (vel
959 3875 1047 3941 παρῇ)
1065 3868 1129 3925 τώδ’
1148 3872 1246 3925 Kiroh-

99 3951 168 4019 hoff,
196 3950 260 4004 fort.
280 3948 308 4018 μ’
326 3948 387 4022 ἴδη,
405 3948 465 4004 τόδ’
550 3955 600 4002 441
621 3943 638 4017 ἦ
659 3950 753 4016 ΕΙιδ,
772 3948 789 4018 ἢ
809 3952 857 4006 Br
932 3959 983 4006 443
1004 3949 1029 4005 τ’
1047 3953 1081 4006 οό
1101 3952 1172 4017 BL,
1193 3969 1242 4006 σου

100 4032 165 4098 AP,
184 4039 235 4084 σοῦ
255 4031 295 4098 Ε,
323 4051 364 4100 γρ.
384 4039 434 4084 σοῦ
454 4031 624 4100 supersenl)
697 4035 749 4082 444
768 4032 819 4085 οόκ
838 4028 890 4087 οὖν
910 4036 944 4101 A,
978 4033 1083 4087 οὐκοῦν
1102 4033 1130 4086 Β
1158 4031 1248 4101 ἐυμ,

99 4129 131 4165 ου
151 4111 215 4164 add.
231 4112 247 4164 δ
262 4113 266 4181 Ι
284 4108 411 4182 ἀμμένει]
426 4110 535 4179 Nauck,
554 4107 688 4179 ἀναμένει
703 4109 769 4164 libri
819 4116 871 4165 445
891 4111 1062 4181 ἔχθιστοςΑ
1108 4117 1161 4164 446
1181 4111 1247 4181 βου-

98 4192 219 4260 λεόματα
239 4191 267 4244 Ρ
349 4197 401 4245 448
420 4191 514 4245 πόντοι
534 4190 593 4244 LP
676 4196 729 4244 450
748 4192 782 4244 οό
801 4192 930 4261 BELp,
950 4192 977 4245 οἱ
997 4191 1064 4258 AP,
1092 4212 1134 4261 ηρ.
1155 4191 1181 4244 οἱ
1202 4209 1247 4243 su-

98 4288 199 4340 perscr.
219 4271 235 4324 ό
320 4278 373 4325 453
393 4270 424 4325 δὲ
442 4271 582 4343 θάνατος]
605 4270 656 4339 μὲν
675 4271 804 4334 θάνατος
822 4274 862 4339 A,
882 4270 913 4325 δὲ
932 4270 1061 4333 θάνατος
1079 4269 1130 4340 μὲν
1150 4272 1215 4324 ΒΕ

98 4358 148 4405 455
167 4352 304 4421 δναλώθη
323 4352 389 4406 libri
413 4352 558 4420 (ἀναλαθη
578 4355 616 4421 A)
705 4358 830 4406 456-60
853 4351 884 4405 in
901 4368 954 4405 ras.
975 4351 1094 4406 duorum
1113 4367 1243 4404 versuum

101 4449 151 4486 scr.
171 4433 198 4486 L
271 4437 324 4487 453
341 4430 391 4504 θ’]
410 4429 439 4485 δ’
456 4433 484 4486 Β
500 4433 504 4501 Ι
521 4429 584 4500 δορί
603 4433 630 4488 L
658 4431 771 4486 ίτοεοτ.
790 4432 835 4486 vel
853 4449 887 4487 ex
906 4450 931 4486 ει
949 4433 1049 4486 τοτοῖ
