<?xml version="1.0" encoding="UTF-8"?>
<!DOCTYPE html PUBLIC "-//W3C//DTD XHTML 1.0 Transitional//EN"
    "http://www.w3.org/TR/xhtml1/DTD/xhtml1-transitional.dtd">
<html xmlns="http://www.w3.org/1999/xhtml" xml:lang="en" lang="en">
 <head>
  <title>
</title>
<meta http-equiv="Content-Type" content="text/html;charset=utf-8" />
  <meta name='ocr-system' content='tesseract 3.04.00' />
  <meta name='ocr-capabilities' content='ocr_page ocr_carea ocr_par ocr_line ocrx_word'/>
</head>
<body>
  <div class='ocr_page' id='page_1' title='image "./euripidisfabula01eurigoog/euripidisfabula01eurigoog_0488.png"; bbox 0 0 3008 4934; ppageno 0'>
   <div class='ocr_carea' id='block_1_1' title="bbox 625 172 748 225">
    <p class='ocr_par' dir='ltr' id='par_1_1' title="bbox 625 172 748 225">
     <span class='ocr_line' id='line_1_1' title="bbox 625 172 748 225; baseline -0.008 -1"><span class='ocrx_word' id='word_1_1' title='bbox 625 172 748 225; x_wconf 86' lang='grc' dir='ltr'><strong>ΡΗΣΟΣ</strong></span> 
     </span>
    </p>
   </div>
   <div class='ocr_carea' id='block_1_2' title="bbox 162 327 1259 3412">
    <p class='ocr_par' dir='ltr' id='par_1_2' title="bbox 162 327 1259 3412">
     <span class='ocr_line' id='line_1_2' title="bbox 251 327 995 419; baseline 0 -19"><span class='ocrx_word' id='word_1_2' title='bbox 251 334 404 418; x_wconf 78' lang='grc' dir='ltr'><strong><em>ἐλθόντα,</em></strong></span> <span class='ocrx_word' id='word_1_3' title='bbox 427 332 480 399; x_wconf 84' lang='grc' dir='ltr'><strong><em>καὶ</em></strong></span> <span class='ocrx_word' id='word_1_4' title='bbox 504 336 548 419; x_wconf 82' lang='grc' dir='ltr'><strong><em>μη</em></strong></span> <span class='ocrx_word' id='word_1_5' title='bbox 572 331 670 400; x_wconf 79' lang='grc' dir='ltr'><strong><em>τούπὶ</em></strong></span> <span class='ocrx_word' id='word_1_6' title='bbox 694 330 724 398; x_wconf 90' lang='grc' dir='ltr'><strong><em>σ’</em></strong></span> <span class='ocrx_word' id='word_1_7' title='bbox 750 327 907 417; x_wconf 75' lang='grc' dir='ltr'><strong><em>Ἀργείων</em></strong></span> <span class='ocrx_word' id='word_1_8' title='bbox 930 333 995 400; x_wconf 81' lang='grc' dir='ltr'><strong><em>ὕπο</em></strong></span> 
     </span>
     <span class='ocr_line' id='line_1_3' title="bbox 255 441 926 526; baseline 0 -20"><span class='ocrx_word' id='word_1_9' title='bbox 255 445 377 523; x_wconf 88' lang='grc' dir='ltr'><strong><em>Τροίαν</em></strong></span> <span class='ocrx_word' id='word_1_10' title='bbox 401 441 492 507; x_wconf 81' lang='grc' dir='ltr'><strong><em>ἐᾶσαι</em></strong></span> <span class='ocrx_word' id='word_1_11' title='bbox 516 444 683 526; x_wconf 88' lang='grc' dir='ltr'><strong><em>πολεμίων</em></strong></span> <span class='ocrx_word' id='word_1_12' title='bbox 705 452 819 506; x_wconf 81' lang='grc' dir='ltr'><strong><em>πεσεῖν</em></strong></span> <span class='ocrx_word' id='word_1_13' title='bbox 843 441 926 525; x_wconf 93' lang='grc' dir='ltr'><strong><em>δορί.</em></strong></span> 
     </span>
     <span class='ocr_line' id='line_1_4' title="bbox 253 546 995 632; baseline 0.001 -19"><span class='ocrx_word' id='word_1_14' title='bbox 253 548 293 613; x_wconf 87' lang='grc' dir='ltr'><strong><em>οὐ</em></strong></span> <span class='ocrx_word' id='word_1_15' title='bbox 316 549 379 632; x_wconf 88' lang='grc' dir='ltr'><strong><em>γάρ</em></strong></span> <span class='ocrx_word' id='word_1_16' title='bbox 403 572 435 613; x_wconf 89' lang='grc' dir='ltr'><strong><em>τι</em></strong></span> <span class='ocrx_word' id='word_1_17' title='bbox 458 546 560 627; x_wconf 65' lang='grc' dir='ltr'><strong><em>λέξεις</em></strong></span> <span class='ocrx_word' id='word_1_18' title='bbox 582 548 626 625; x_wconf 82' lang='grc' dir='ltr'><strong><em>ὡς</em></strong></span> <span class='ocrx_word' id='word_1_19' title='bbox 649 549 790 632; x_wconf 76' lang='grc' dir='ltr'><strong><em>ἄκλητος</em></strong></span> <span class='ocrx_word' id='word_1_20' title='bbox 812 547 860 612; x_wconf 80' lang='grc' dir='ltr'><strong><em>ὢν</em></strong></span> <span class='ocrx_word' id='word_1_21' title='bbox 883 550 995 632; x_wconf 82' lang='grc' dir='ltr'><strong><em>φίλοις</em></strong></span> 
     </span>
     <span class='ocr_line' id='line_1_5' title="bbox 251 649 1029 740; baseline 0.004 -21"><span class='ocrx_word' id='word_1_22' title='bbox 251 655 312 720; x_wconf 91' lang='grc' dir='ltr'><strong><em>οὐκ</em></strong></span> <span class='ocrx_word' id='word_1_23' title='bbox 333 651 436 738; x_wconf 77' lang='grc' dir='ltr'><strong><em>ἦλθες</em></strong></span> <span class='ocrx_word' id='word_1_24' title='bbox 460 649 534 721; x_wconf 87' lang='grc' dir='ltr'><strong><em>οὐδ’</em></strong></span> <span class='ocrx_word' id='word_1_25' title='bbox 560 657 689 740; x_wconf 73' lang='grc' dir='ltr'><strong><em>ἤμυνας</em></strong></span> <span class='ocrx_word' id='word_1_26' title='bbox 712 652 786 719; x_wconf 86' lang='grc' dir='ltr'><strong><em>οὐδ’</em></strong></span> <span class='ocrx_word' id='word_1_27' title='bbox 814 654 1029 740; x_wconf 74' lang='grc' dir='ltr'><strong><em>ἐπεστράφης.</em></strong></span> 
     </span>
     <span class='ocr_line' id='line_1_6' title="bbox 250 761 967 848; baseline 0 -21"><span class='ocrx_word' id='word_1_28' title='bbox 250 765 300 838; x_wconf 91' lang='grc' dir='ltr'><strong><em>τίς</em></strong></span> <span class='ocrx_word' id='word_1_29' title='bbox 321 763 385 845; x_wconf 94' lang='grc' dir='ltr'><strong><em>γάρ</em></strong></span> <span class='ocrx_word' id='word_1_30' title='bbox 409 781 445 827; x_wconf 93' lang='grc' dir='ltr'><strong><em>σε</em></strong></span> <span class='ocrx_word' id='word_1_31' title='bbox 468 761 571 846; x_wconf 84' lang='grc' dir='ltr'><strong><em>κῆρυξ</em></strong></span> <span class='ocrx_word' id='word_1_32' title='bbox 595 761 614 846; x_wconf 83' lang='grc' dir='ltr'>ἢ</span> <span class='ocrx_word' id='word_1_33' title='bbox 638 764 796 848; x_wconf 78' lang='grc' dir='ltr'><strong><em>γερουσία</em></strong></span> <span class='ocrx_word' id='word_1_34' title='bbox 822 765 967 846; x_wconf 82' lang='grc' dir='ltr'><strong><em>Φρυγῶν</em></strong></span> 
     </span>
     <span class='ocr_line' id='line_1_7' title="bbox 251 866 979 953; baseline 0.001 -19"><span class='ocrx_word' id='word_1_35' title='bbox 251 866 386 934; x_wconf 74' lang='grc' dir='ltr'><strong><em>ίλθοῦσ</em></strong></span> <span class='ocrx_word' id='word_1_36' title='bbox 414 868 554 953; x_wconf 84' lang='grc' dir='ltr'><strong><em>ἀμύνειν</em></strong></span> <span class='ocrx_word' id='word_1_37' title='bbox 578 868 640 934; x_wconf 88' lang='grc' dir='ltr'><strong><em>οὐκ</em></strong></span> <span class='ocrx_word' id='word_1_38' title='bbox 662 869 847 953; x_wconf 77' lang='grc' dir='ltr'><strong><em>ἐπέσκηψεν</em></strong></span> <span class='ocrx_word' id='word_1_39' title='bbox 870 872 979 949; x_wconf 71' lang='grc' dir='ltr'><strong><em>πόλεις</em></strong></span> 
     </span>
     <span class='ocr_line' id='line_1_8' title="bbox 249 973 1014 1061; baseline 0.003 -21"><span class='ocrx_word' id='word_1_40' title='bbox 249 988 348 1041; x_wconf 79' lang='grc' dir='ltr'><strong><em>ποῖον</em></strong></span> <span class='ocrx_word' id='word_1_41' title='bbox 373 973 408 1041; x_wconf 74' lang='grc' dir='ltr'><strong><em>δδ</em></strong></span> <span class='ocrx_word' id='word_1_42' title='bbox 433 977 551 1059; x_wconf 84' lang='grc' dir='ltr'><strong><em>δώρων</em></strong></span> <span class='ocrx_word' id='word_1_43' title='bbox 575 978 702 1059; x_wconf 85' lang='grc' dir='ltr'><strong><em>κόσμον</em></strong></span> <span class='ocrx_word' id='word_1_44' title='bbox 726 975 787 1041; x_wconf 85' lang='grc' dir='ltr'><strong><em>οὐκ</em></strong></span> <span class='ocrx_word' id='word_1_45' title='bbox 811 974 1014 1061; x_wconf 73' lang='grc' dir='ltr'><strong><em>ἐπίμηαμενς</em></strong></span> 
     </span>
     <span class='ocr_line' id='line_1_9' title="bbox 250 1082 1042 1167; baseline -0.001 -18"><span class='ocrx_word' id='word_1_46' title='bbox 250 1086 293 1149; x_wconf 87' lang='grc' dir='ltr'><strong><em>σὺ</em></strong></span> <span class='ocrx_word' id='word_1_47' title='bbox 317 1082 356 1147; x_wconf 80' lang='grc' dir='ltr'><strong><em>δἸ</em></strong></span> <span class='ocrx_word' id='word_1_48' title='bbox 373 1082 509 1166; x_wconf 77' lang='grc' dir='ltr'><strong><em>ἐγγενὴς</em></strong></span> <span class='ocrx_word' id='word_1_49' title='bbox 533 1083 580 1148; x_wconf 82' lang='grc' dir='ltr'><strong><em>ὢν</em></strong></span> <span class='ocrx_word' id='word_1_50' title='bbox 603 1082 770 1167; x_wconf 90' lang='grc' dir='ltr'><strong><em>βάρβαρός</em></strong></span> <span class='ocrx_word' id='word_1_51' title='bbox 792 1106 827 1148; x_wconf 90' lang='grc' dir='ltr'><strong><em>τε</em></strong></span> <span class='ocrx_word' id='word_1_52' title='bbox 851 1084 1042 1167; x_wconf 77' lang='grc' dir='ltr'><strong><em>βαρβάρους</em></strong></span> 
     </span>
     <span class='ocr_line' id='line_1_10' title="bbox 240 1188 964 1275; baseline -0.003 -19"><span class='ocrx_word' id='word_1_53' title='bbox 240 1189 399 1275; x_wconf 86' lang='grc' dir='ltr'><strong><em>Ἕλλησιν</em></strong></span> <span class='ocrx_word' id='word_1_54' title='bbox 422 1190 506 1274; x_wconf 77' lang='grc' dir='ltr'><strong><em>ἡμᾶς</em></strong></span> <span class='ocrx_word' id='word_1_55' title='bbox 529 1192 689 1272; x_wconf 85' lang='grc' dir='ltr'><strong><em>προύπιες</em></strong></span> <span class='ocrx_word' id='word_1_56' title='bbox 711 1191 748 1254; x_wconf 90' lang='grc' dir='ltr'><strong><em>τὸ</em></strong></span> <span class='ocrx_word' id='word_1_57' title='bbox 774 1190 834 1254; x_wconf 90' lang='grc' dir='ltr'><strong><em>σὸν</em></strong></span> <span class='ocrx_word' id='word_1_58' title='bbox 858 1188 964 1272; x_wconf 78' lang='grc' dir='ltr'><strong><em>μέρος.</em></strong></span> 
     </span>
     <span class='ocr_line' id='line_1_11' title="bbox 248 1295 962 1382; baseline -0.004 -17"><span class='ocrx_word' id='word_1_59' title='bbox 248 1301 354 1365; x_wconf 88' lang='grc' dir='ltr'><strong><em>καίτοι</em></strong></span> <span class='ocrx_word' id='word_1_60' title='bbox 378 1315 414 1363; x_wconf 90' lang='grc' dir='ltr'><strong><em>σε</em></strong></span> <span class='ocrx_word' id='word_1_61' title='bbox 437 1305 556 1382; x_wconf 87' lang='grc' dir='ltr'><strong><em>μικρᾶς</em></strong></span> <span class='ocrx_word' id='word_1_62' title='bbox 579 1296 613 1361; x_wconf 84' lang='grc' dir='ltr'><strong><em>ἐκ</em></strong></span> <span class='ocrx_word' id='word_1_63' title='bbox 636 1297 835 1380; x_wconf 79' lang='grc' dir='ltr'><strong><em>τυραννίδος</em></strong></span> <span class='ocrx_word' id='word_1_64' title='bbox 858 1295 962 1381; x_wconf 82' lang='grc' dir='ltr'><strong><em>μέγαν</em></strong></span> 
     </span>
     <span class='ocr_line' id='line_1_12' title="bbox 251 1397 950 1492; baseline -0.003 -22"><span class='ocrx_word' id='word_1_65' title='bbox 251 1411 391 1492; x_wconf 83' lang='grc' dir='ltr'><strong><em>Θρηκῶν</em></strong></span> <span class='ocrx_word' id='word_1_66' title='bbox 414 1405 538 1468; x_wconf 82' lang='grc' dir='ltr'><strong><em>άνακτα</em></strong></span> <span class='ocrx_word' id='word_1_67' title='bbox 561 1397 634 1490; x_wconf 72' lang='grc' dir='ltr'><strong><em>τῇδ’</em></strong></span> <span class='ocrx_word' id='word_1_68' title='bbox 660 1401 755 1486; x_wconf 76' lang='grc' dir='ltr'><strong><em>ἔθηκ’</em></strong></span> <span class='ocrx_word' id='word_1_69' title='bbox 781 1401 845 1486; x_wconf 76' lang='grc' dir='ltr'><strong><em>ἐγὼ</em></strong></span> <span class='ocrx_word' id='word_1_70' title='bbox 869 1406 950 1489; x_wconf 85' lang='grc' dir='ltr'><strong><em>χερί,</em></strong></span> 
     </span>
     <span class='ocr_line' id='line_1_13' title="bbox 248 1509 993 1597; baseline -0.003 -19"><span class='ocrx_word' id='word_1_71' title='bbox 248 1511 294 1578; x_wconf 86' lang='grc' dir='ltr'><strong><em>ὅτ’</em></strong></span> <span class='ocrx_word' id='word_1_72' title='bbox 321 1509 407 1597; x_wconf 82' lang='grc' dir='ltr'><strong><em>ἀμφὶ</em></strong></span> <span class='ocrx_word' id='word_1_73' title='bbox 431 1512 607 1594; x_wconf 81' lang='grc' dir='ltr'><strong><em>Πάγγαιόν</em></strong></span> <span class='ocrx_word' id='word_1_74' title='bbox 630 1534 664 1575; x_wconf 87' lang='grc' dir='ltr'><strong><em>τε</em></strong></span> <span class='ocrx_word' id='word_1_75' title='bbox 690 1511 848 1575; x_wconf 89' lang='grc' dir='ltr'><strong><em>Παιόνων</em></strong></span> <span class='ocrx_word' id='word_1_76' title='bbox 871 1533 905 1576; x_wconf 87' lang='grc' dir='ltr'><strong><em>τε</em></strong></span> <span class='ocrx_word' id='word_1_77' title='bbox 928 1519 993 1596; x_wconf 81' lang='grc' dir='ltr'><strong><em>γῆν</em></strong></span> 
     </span>
     <span class='ocr_line' id='line_1_14' title="bbox 250 1617 968 1706; baseline -0.003 -21"><span class='ocrx_word' id='word_1_78' title='bbox 250 1624 391 1706; x_wconf 80' lang='grc' dir='ltr'><strong><em>Θρῃκῶν</em></strong></span> <span class='ocrx_word' id='word_1_79' title='bbox 414 1619 561 1704; x_wconf 84' lang='grc' dir='ltr'><strong><em>ἀρίστοις</em></strong></span> <span class='ocrx_word' id='word_1_80' title='bbox 585 1617 735 1702; x_wconf 79' lang='grc' dir='ltr'><strong><em>ἐμπεσὼν</em></strong></span> <span class='ocrx_word' id='word_1_81' title='bbox 759 1619 840 1683; x_wconf 85' lang='grc' dir='ltr'><strong><em>κατὰ</em></strong></span> <span class='ocrx_word' id='word_1_82' title='bbox 864 1620 968 1703; x_wconf 85' lang='grc' dir='ltr'><strong><em>στόμα</em></strong></span> 
     </span>
     <span class='ocr_line' id='line_1_15' title="bbox 249 1722 969 1812; baseline -0.004 -20"><span class='ocrx_word' id='word_1_83' title='bbox 249 1728 368 1812; x_wconf 82' lang='grc' dir='ltr'><strong><em>ἔρρηξα</em></strong></span> <span class='ocrx_word' id='word_1_84' title='bbox 390 1724 524 1810; x_wconf 78' lang='grc' dir='ltr'><strong><em>πέλτην,</em></strong></span> <span class='ocrx_word' id='word_1_85' title='bbox 548 1723 601 1790; x_wconf 84' lang='grc' dir='ltr'><strong><em>σοὶ</em></strong></span> <span class='ocrx_word' id='word_1_86' title='bbox 625 1722 662 1790; x_wconf 77' lang='grc' dir='ltr'><strong><em>δὲ</em></strong></span> <span class='ocrx_word' id='word_1_87' title='bbox 686 1726 858 1802; x_wconf 85' lang='grc' dir='ltr'><strong><em>δουλώσας</em></strong></span> <span class='ocrx_word' id='word_1_88' title='bbox 882 1727 969 1791; x_wconf 84' lang='grc' dir='ltr'><strong><em>λεὼν</em></strong></span> 
     </span>
     <span class='ocr_line' id='line_1_16' title="bbox 251 1828 1027 1918; baseline 0.003 -22"><span class='ocrx_word' id='word_1_89' title='bbox 251 1831 427 1918; x_wconf 80' lang='grc' dir='ltr'><strong><em>παρέσχον·</em></strong></span> <span class='ocrx_word' id='word_1_90' title='bbox 453 1828 500 1898; x_wconf 83' lang='grc' dir='ltr'><strong><em>ὧν</em></strong></span> <span class='ocrx_word' id='word_1_91' title='bbox 524 1834 566 1897; x_wconf 87' lang='grc' dir='ltr'><strong><em>σὺ</em></strong></span> <span class='ocrx_word' id='word_1_92' title='bbox 590 1834 745 1910; x_wconf 87' lang='grc' dir='ltr'><strong><em>λακτίσας</em></strong></span> <span class='ocrx_word' id='word_1_93' title='bbox 768 1834 894 1917; x_wconf 76' lang='grc' dir='ltr'><strong><em>πολλὴν</em></strong></span> <span class='ocrx_word' id='word_1_94' title='bbox 917 1834 1027 1918; x_wconf 83' lang='grc' dir='ltr'><strong><em>χάριν,</em></strong></span> 
     </span>
     <span class='ocr_line' id='line_1_17' title="bbox 249 1938 966 2024; baseline -0.001 -20"><span class='ocrx_word' id='word_1_95' title='bbox 249 1944 358 2024; x_wconf 88' lang='grc' dir='ltr'><strong><em>φίλων</em></strong></span> <span class='ocrx_word' id='word_1_96' title='bbox 381 1940 575 2004; x_wconf 85' lang='grc' dir='ltr'><strong><em>νοσούντων</em></strong></span> <span class='ocrx_word' id='word_1_97' title='bbox 597 1938 735 2023; x_wconf 83' lang='grc' dir='ltr'><strong><em>ὕστερος</em></strong></span> <span class='ocrx_word' id='word_1_98' title='bbox 758 1941 966 2024; x_wconf 78' lang='grc' dir='ltr'><strong><em>βοηδρομεῖς.</em></strong></span> 
     </span>
     <span class='ocr_line' id='line_1_18' title="bbox 250 2042 960 2130; baseline 0.003 -21"><span class='ocrx_word' id='word_1_99' title='bbox 250 2046 285 2109; x_wconf 87' lang='grc' dir='ltr'><strong><em>οί</em></strong></span> <span class='ocrx_word' id='word_1_100' title='bbox 305 2042 335 2109; x_wconf 86' lang='grc' dir='ltr'><strong><em>δ’</em></strong></span> <span class='ocrx_word' id='word_1_101' title='bbox 363 2043 464 2112; x_wconf 76' lang='grc' dir='ltr'><strong><em>οὐδὲν</em></strong></span> <span class='ocrx_word' id='word_1_102' title='bbox 486 2044 565 2130; x_wconf 80' lang='grc' dir='ltr'><strong><em>ἡμῖν</em></strong></span> <span class='ocrx_word' id='word_1_103' title='bbox 590 2044 626 2109; x_wconf 79' lang='grc' dir='ltr'><strong><em>ἐν</em></strong></span> <span class='ocrx_word' id='word_1_104' title='bbox 649 2045 739 2129; x_wconf 79' lang='grc' dir='ltr'><strong><em>γάνει</em></strong></span> <span class='ocrx_word' id='word_1_105' title='bbox 762 2049 960 2130; x_wconf 85' lang='grc' dir='ltr'><strong><em>πεφυκότες,</em></strong></span> 
     </span>
     <span class='ocr_line' id='line_1_19' title="bbox 249 2149 1049 2237; baseline 0 -20"><span class='ocrx_word' id='word_1_106' title='bbox 249 2153 351 2217; x_wconf 87' lang='grc' dir='ltr'><strong><em>πάλαι</em></strong></span> <span class='ocrx_word' id='word_1_107' title='bbox 373 2155 547 2237; x_wconf 87' lang='grc' dir='ltr'><strong><em>παρόντες,</em></strong></span> <span class='ocrx_word' id='word_1_108' title='bbox 569 2154 605 2217; x_wconf 79' lang='grc' dir='ltr'><strong><em>οἳ</em></strong></span> <span class='ocrx_word' id='word_1_109' title='bbox 626 2149 687 2236; x_wconf 72' lang='grc' dir='ltr'><strong><em>μὶν</em></strong></span> <span class='ocrx_word' id='word_1_110' title='bbox 711 2152 747 2217; x_wconf 84' lang='grc' dir='ltr'><strong><em>ἐν</em></strong></span> <span class='ocrx_word' id='word_1_111' title='bbox 769 2163 908 2237; x_wconf 76' lang='grc' dir='ltr'><strong><em>χωστοῖς</em></strong></span> <span class='ocrx_word' id='word_1_112' title='bbox 930 2154 1049 2236; x_wconf 82' lang='grc' dir='ltr'><strong><em>τάφοις</em></strong></span> 
     </span>
     <span class='ocr_line' id='line_1_20' title="bbox 248 2257 1039 2343; baseline 0.004 -21"><span class='ocrx_word' id='word_1_113' title='bbox 248 2269 372 2323; x_wconf 87' lang='grc' dir='ltr'><strong><em>κεῖνται</em></strong></span> <span class='ocrx_word' id='word_1_114' title='bbox 395 2259 565 2339; x_wconf 86' lang='grc' dir='ltr'><strong><em>πεσόντες,</em></strong></span> <span class='ocrx_word' id='word_1_115' title='bbox 588 2261 697 2334; x_wconf 85' lang='grc' dir='ltr'><strong><em>πίστις</em></strong></span> <span class='ocrx_word' id='word_1_116' title='bbox 720 2257 761 2323; x_wconf 83' lang='grc' dir='ltr'><strong><em>οὐ</em></strong></span> <span class='ocrx_word' id='word_1_117' title='bbox 784 2261 906 2343; x_wconf 82' lang='grc' dir='ltr'><strong><em>σμικρά</em></strong></span> <span class='ocrx_word' id='word_1_118' title='bbox 928 2263 1039 2343; x_wconf 88' lang='grc' dir='ltr'><strong><em>πόλει,</em></strong></span> 
     </span>
     <span class='ocr_line' id='line_1_21' title="bbox 250 2361 1077 2451; baseline 0.001 -22"><span class='ocrx_word' id='word_1_119' title='bbox 250 2367 285 2429; x_wconf 81' lang='grc' dir='ltr'><strong><em>οἳ</em></strong></span> <span class='ocrx_word' id='word_1_120' title='bbox 306 2361 335 2429; x_wconf 89' lang='grc' dir='ltr'><strong><em>δ’</em></strong></span> <span class='ocrx_word' id='word_1_121' title='bbox 363 2368 400 2429; x_wconf 81' lang='grc' dir='ltr'><strong><em>ἔν</em></strong></span> <span class='ocrx_word' id='word_1_122' title='bbox 422 2362 457 2431; x_wconf 76' lang='grc' dir='ltr'><strong><em>θ’</em></strong></span> <span class='ocrx_word' id='word_1_123' title='bbox 486 2365 617 2430; x_wconf 84' lang='grc' dir='ltr'><strong><em>ὅπλοισι</em></strong></span> <span class='ocrx_word' id='word_1_124' title='bbox 640 2362 693 2430; x_wconf 81' lang='grc' dir='ltr'><strong><em>καὶ</em></strong></span> <span class='ocrx_word' id='word_1_125' title='bbox 717 2362 795 2447; x_wconf 89' lang='grc' dir='ltr'><strong><em>παρ’</em></strong></span> <span class='ocrx_word' id='word_1_126' title='bbox 822 2365 963 2444; x_wconf 79' lang='grc' dir='ltr'><strong><em>ἱππείοις</em></strong></span> <span class='ocrx_word' id='word_1_127' title='bbox 986 2369 1077 2451; x_wconf 82' lang='grc' dir='ltr'><strong><em>ὄχοις</em></strong></span> 
     </span>
     <span class='ocr_line' id='line_1_22' title="bbox 250 2473 899 2559; baseline 0.003 -23"><span class='ocrx_word' id='word_1_128' title='bbox 250 2473 382 2559; x_wconf 76' lang='grc' dir='ltr'><strong><em>ψυχράν</em></strong></span> <span class='ocrx_word' id='word_1_129' title='bbox 405 2473 503 2556; x_wconf 76' lang='grc' dir='ltr'><strong><em>ἄησιν</em></strong></span> <span class='ocrx_word' id='word_1_130' title='bbox 527 2473 643 2549; x_wconf 75' lang='grc' dir='ltr'><strong><em>δίψιόν</em></strong></span> <span class='ocrx_word' id='word_1_131' title='bbox 665 2495 700 2536; x_wconf 90' lang='grc' dir='ltr'><strong><em>τε</em></strong></span> <span class='ocrx_word' id='word_1_132' title='bbox 722 2481 790 2554; x_wconf 90' lang='grc' dir='ltr'><strong><em>πῦρ</em></strong></span> <span class='ocrx_word' id='word_1_133' title='bbox 813 2479 899 2538; x_wconf 87' lang='grc' dir='ltr'><strong><em>θεοῦ</em></strong></span> 
     </span>
     <span class='ocr_line' id='line_1_23' title="bbox 249 2578 979 2663; baseline 0 -18"><span class='ocrx_word' id='word_1_134' title='bbox 249 2578 386 2663; x_wconf 79' lang='grc' dir='ltr'><strong><em>μένουσι</em></strong></span> <span class='ocrx_word' id='word_1_135' title='bbox 410 2588 662 2662; x_wconf 85' lang='grc' dir='ltr'><strong><em>καρτεροῦντες,</em></strong></span> <span class='ocrx_word' id='word_1_136' title='bbox 686 2579 748 2644; x_wconf 82' lang='grc' dir='ltr'><strong><em>οὐκ</em></strong></span> <span class='ocrx_word' id='word_1_137' title='bbox 770 2578 807 2644; x_wconf 80' lang='grc' dir='ltr'><strong><em>ἐν</em></strong></span> <span class='ocrx_word' id='word_1_138' title='bbox 831 2582 979 2662; x_wconf 86' lang='grc' dir='ltr'><strong><em>δεμνίοις</em></strong></span> 
     </span>
     <span class='ocr_line' id='line_1_24' title="bbox 249 2687 918 2772; baseline 0.001 -21"><span class='ocrx_word' id='word_1_139' title='bbox 249 2690 380 2771; x_wconf 72' lang='grc' dir='ltr'><strong><em>πυκνὴν</em></strong></span> <span class='ocrx_word' id='word_1_140' title='bbox 402 2688 543 2772; x_wconf 88' lang='grc' dir='ltr'><strong><em>άμυστιν</em></strong></span> <span class='ocrx_word' id='word_1_141' title='bbox 567 2687 611 2763; x_wconf 80' lang='grc' dir='ltr'><strong><em>ὡς</em></strong></span> <span class='ocrx_word' id='word_1_142' title='bbox 635 2689 678 2751; x_wconf 89' lang='grc' dir='ltr'><strong><em>σὺ</em></strong></span> <span class='ocrx_word' id='word_1_143' title='bbox 694 2687 918 2768; x_wconf 85' lang='grc' dir='ltr'><strong><em>δεξιούμενοι.</em></strong></span> 
     </span>
     <span class='ocr_line' id='line_1_25' title="bbox 162 2787 1066 2879; baseline 0.003 -23"><span class='ocrx_word' id='word_1_144' title='bbox 162 2797 164 2801; x_wconf 81' lang='grc'><strong>’</strong></span> <span class='ocrx_word' id='word_1_145' title='bbox 248 2791 360 2871; x_wconf 82' lang='grc' dir='ltr'><strong><em>ταῦθ’,</em></strong></span> <span class='ocrx_word' id='word_1_146' title='bbox 385 2794 429 2871; x_wconf 82' lang='grc' dir='ltr'><strong><em>ὡς</em></strong></span> <span class='ocrx_word' id='word_1_147' title='bbox 452 2792 494 2859; x_wconf 87' lang='grc' dir='ltr'><strong><em>άν</em></strong></span> <span class='ocrx_word' id='word_1_148' title='bbox 519 2794 609 2879; x_wconf 74' lang='grc' dir='ltr'><strong><em>εἰδῇς</em></strong></span> <span class='ocrx_word' id='word_1_149' title='bbox 623 2787 752 2878; x_wconf 82' lang='grc' dir='ltr'><strong><em>Ἕκτορ’</em></strong></span> <span class='ocrx_word' id='word_1_150' title='bbox 779 2789 847 2858; x_wconf 90' lang='grc' dir='ltr'><strong><em>ὄντ’</em></strong></span> <span class='ocrx_word' id='word_1_151' title='bbox 875 2794 1066 2878; x_wconf 81' lang='grc' dir='ltr'><strong><em>ἐλεύθερον,</em></strong></span> 
     </span>
     <span class='ocr_line' id='line_1_26' title="bbox 250 2896 1063 2986; baseline 0.001 -21"><span class='ocrx_word' id='word_1_152' title='bbox 250 2899 303 2965; x_wconf 79' lang='grc' dir='ltr'><strong><em>καὶ</em></strong></span> <span class='ocrx_word' id='word_1_153' title='bbox 328 2899 501 2986; x_wconf 81' lang='grc' dir='ltr'><strong><em>μέμφομαί</em></strong></span> <span class='ocrx_word' id='word_1_154' title='bbox 521 2917 575 2966; x_wconf 95' lang='grc' dir='ltr'><strong><em>σοι</em></strong></span> <span class='ocrx_word' id='word_1_155' title='bbox 597 2896 652 2965; x_wconf 81' lang='grc' dir='ltr'><strong><em>καὶ</em></strong></span> <span class='ocrx_word' id='word_1_156' title='bbox 676 2898 762 2982; x_wconf 79' lang='grc' dir='ltr'><strong><em>λέγω</em></strong></span> <span class='ocrx_word' id='word_1_157' title='bbox 785 2897 857 2964; x_wconf 90' lang='grc' dir='ltr'><strong><em>κατ’</em></strong></span> <span class='ocrx_word' id='word_1_158' title='bbox 883 2901 970 2984; x_wconf 91' lang='grc' dir='ltr'><strong><em>ὄμμα</em></strong></span> <span class='ocrx_word' id='word_1_159' title='bbox 994 2905 1063 2966; x_wconf 90' lang='grc' dir='ltr'><strong><em>σόν.</em></strong></span> 
     </span>
     <span class='ocr_line' id='line_1_27' title="bbox 178 3005 939 3090; baseline -0.003 -18"><span class='ocrx_word' id='word_1_160' title='bbox 178 3057 185 3072; x_wconf 95' lang='grc'><strong><em>.</em></strong></span> <span class='ocrx_word' id='word_1_161' title='bbox 249 3009 397 3083; x_wconf 90' lang='grc' dir='ltr'><strong><em>τοιοῦτός</em></strong></span> <span class='ocrx_word' id='word_1_162' title='bbox 420 3009 487 3089; x_wconf 89' lang='grc' dir='ltr'><strong><em>είμι</em></strong></span> <span class='ocrx_word' id='word_1_163' title='bbox 510 3005 644 3087; x_wconf 85' lang='grc' dir='ltr'><strong><em>καύτός,</em></strong></span> <span class='ocrx_word' id='word_1_164' title='bbox 669 3006 806 3070; x_wconf 83' lang='grc' dir='ltr'><strong><em>εὐθεῖαν</em></strong></span> <span class='ocrx_word' id='word_1_165' title='bbox 830 3008 939 3090; x_wconf 88' lang='grc' dir='ltr'><strong><em>λόγων</em></strong></span> 
     </span>
     <span class='ocr_line' id='line_1_28' title="bbox 248 3111 1084 3198; baseline -0.001 -20"><span class='ocrx_word' id='word_1_166' title='bbox 248 3114 377 3198; x_wconf 82' lang='grc' dir='ltr'><strong><em>τέμνων</em></strong></span> <span class='ocrx_word' id='word_1_167' title='bbox 400 3114 575 3194; x_wconf 77' lang='grc' dir='ltr'><strong><em>κέλευθον,</em></strong></span> <span class='ocrx_word' id='word_1_168' title='bbox 598 3113 660 3178; x_wconf 87' lang='grc' dir='ltr'><strong><em>κού</em></strong></span> <span class='ocrx_word' id='word_1_169' title='bbox 684 3113 821 3190; x_wconf 88' lang='grc' dir='ltr'><strong><em>διπλοῦς</em></strong></span> <span class='ocrx_word' id='word_1_170' title='bbox 844 3111 965 3197; x_wconf 81' lang='grc' dir='ltr'><strong><em>πέφυκ’</em></strong></span> <span class='ocrx_word' id='word_1_171' title='bbox 991 3112 1084 3197; x_wconf 78' lang='grc' dir='ltr'><strong><em>άνηρ.</em></strong></span> 
     </span>
     <span class='ocr_line' id='line_1_29' title="bbox 252 3216 1007 3304; baseline -0.001 -19"><span class='ocrx_word' id='word_1_172' title='bbox 252 3220 315 3303; x_wconf 79' lang='grc' dir='ltr'><strong><em>ἐγὼ</em></strong></span> <span class='ocrx_word' id='word_1_173' title='bbox 340 3216 377 3285; x_wconf 71' lang='grc' dir='ltr'><strong><em>δὲ</em></strong></span> <span class='ocrx_word' id='word_1_174' title='bbox 400 3223 510 3304; x_wconf 78' lang='grc' dir='ltr'><strong><em>μεῖζον</em></strong></span> <span class='ocrx_word' id='word_1_175' title='bbox 535 3219 554 3302; x_wconf 75' lang='grc' dir='ltr'><strong><em>ἢ</em></strong></span> <span class='ocrx_word' id='word_1_176' title='bbox 579 3221 621 3283; x_wconf 88' lang='grc' dir='ltr'><strong><em>σὺ</em></strong></span> <span class='ocrx_word' id='word_1_177' title='bbox 644 3217 738 3301; x_wconf 82' lang='grc' dir='ltr'><strong><em>τῆσδ’</em></strong></span> <span class='ocrx_word' id='word_1_178' title='bbox 765 3219 858 3286; x_wconf 84' lang='grc' dir='ltr'><strong><em>άπὼν</em></strong></span> <span class='ocrx_word' id='word_1_179' title='bbox 882 3220 1007 3304; x_wconf 87' lang='grc' dir='ltr'><strong><em>χθονὸς</em></strong></span> 
     </span>
     <span class='ocr_line' id='line_1_30' title="bbox 249 3321 1259 3412; baseline -0.001 -20"><span class='ocrx_word' id='word_1_180' title='bbox 249 3329 336 3412; x_wconf 84' lang='grc' dir='ltr'><strong><em>λύπη</em></strong></span> <span class='ocrx_word' id='word_1_181' title='bbox 361 3328 442 3409; x_wconf 87' lang='grc' dir='ltr'><strong><em>πρὸς</em></strong></span> <span class='ocrx_word' id='word_1_182' title='bbox 465 3321 552 3409; x_wconf 71' lang='grc' dir='ltr'><strong><em>ἧπαρ</em></strong></span> <span class='ocrx_word' id='word_1_183' title='bbox 577 3327 759 3409; x_wconf 84' lang='grc' dir='ltr'><strong><em>δυσφορῶν</em></strong></span> <span class='ocrx_word' id='word_1_184' title='bbox 783 3326 969 3412; x_wconf 79' lang='grc' dir='ltr'><strong><em>ἐτειρόμην·</em></strong></span> <span class='ocrx_word' id='word_1_185' title='bbox 1174 3398 1177 3404; x_wconf 17' lang='lat' dir='ltr'><em>A</em></span> <span class='ocrx_word' id='word_1_186' title='bbox 1208 3344 1259 3392; x_wconf 76' lang='lat'><strong><em>425</em></strong></span> 
     </span>
    </p>
   </div>
   <div class='ocr_carea' id='block_1_3' title="bbox 115 3483 327 3491">
    <p class='ocr_par' dir='ltr' id='par_1_3' title="bbox 115 3483 327 3491">
     <span class='ocr_line' id='line_1_31' title="bbox 115 3483 327 3491; baseline -0.009 0"><span class='ocrx_word' id='word_1_187' title='bbox 115 3483 327 3491; x_wconf 47' lang='lat' dir='ltr'>n———a-</span> 
     </span>
    </p>
   </div>
   <div class='ocr_carea' id='block_1_4' title="bbox 113 3579 1260 4380">
    <p class='ocr_par' dir='ltr' id='par_1_4' title="bbox 113 3579 1260 4380">
     <span class='ocr_line' id='line_1_32' title="bbox 206 3579 1260 3653; baseline 0.001 -16"><span class='ocrx_word' id='word_1_188' title='bbox 206 3590 256 3637; x_wconf 78' lang='grc'><strong><em>307</em></strong></span> <span class='ocrx_word' id='word_1_189' title='bbox 276 3581 397 3638; x_wconf 77' lang='grc' dir='ltr'><strong><em>τούπίσω</em></strong></span> <span class='ocrx_word' id='word_1_190' title='bbox 415 3580 569 3653; x_wconf 81' lang='grc' dir='ltr'><strong><em>άργείωνι</em></strong></span> <span class='ocrx_word' id='word_1_191' title='bbox 631 3588 683 3636; x_wconf 86' lang='grc'><strong><em>398</em></strong></span> <span class='ocrx_word' id='word_1_192' title='bbox 702 3579 822 3652; x_wconf 85' lang='grc' dir='ltr'><strong><em>πολεμίῳ</em></strong></span> <span class='ocrx_word' id='word_1_193' title='bbox 841 3581 930 3635; x_wconf 77' lang='lat' dir='ltr'><strong>Bothe</strong></span> <span class='ocrx_word' id='word_1_194' title='bbox 994 3588 1046 3635; x_wconf 83' lang='grc'><strong><em>300</em></strong></span> <span class='ocrx_word' id='word_1_195' title='bbox 1065 3583 1158 3650; x_wconf 83' lang='grc' dir='ltr'><strong><em>φίλοις</em></strong></span> <span class='ocrx_word' id='word_1_196' title='bbox 1175 3582 1260 3650; x_wconf 68' lang='lat' dir='ltr'><strong><em>ew,</em></strong></span> 
     </span>
     <span class='ocr_line' id='line_1_33' title="bbox 118 3657 1260 3733; baseline 0 -15"><span class='ocrx_word' id='word_1_197' title='bbox 118 3663 198 3733; x_wconf 88' lang='grc' dir='ltr'><strong><em>φίλος</em></strong></span> <span class='ocrx_word' id='word_1_198' title='bbox 217 3666 275 3719; x_wconf 81' lang='lat' dir='ltr'><strong><em>BG</em></strong></span> <span class='ocrx_word' id='word_1_199' title='bbox 357 3668 409 3716; x_wconf 93' lang='grc'>400</span> <span class='ocrx_word' id='word_1_200' title='bbox 428 3680 480 3716; x_wconf 89' lang='lat' dir='ltr'><strong><em>om.</em></strong></span> <span class='ocrx_word' id='word_1_201' title='bbox 500 3682 514 3718; x_wconf 86' lang='grc' dir='ltr'><strong><em>ι</em></strong></span> <span class='ocrx_word' id='word_1_202' title='bbox 531 3668 534 3728; x_wconf 54' lang='lat' dir='ltr'>k</span> <span class='ocrx_word' id='word_1_203' title='bbox 551 3657 641 3731; x_wconf 79' lang='grc' dir='ltr'><strong><em>ἦλθας</em></strong></span> <span class='ocrx_word' id='word_1_204' title='bbox 660 3663 687 3716; x_wconf 89' lang='grc' dir='ltr'>Β</span> <span class='ocrx_word' id='word_1_205' title='bbox 768 3668 819 3715; x_wconf 73' lang='grc'>400</span> <span class='ocrx_word' id='word_1_206' title='bbox 839 3659 977 3730; x_wconf 76' lang='grc' dir='ltr'><strong><em>ἐπέσκαψε</em></strong></span> <span class='ocrx_word' id='word_1_207' title='bbox 997 3664 1024 3716; x_wconf 89' lang='grc' dir='ltr'><strong><em>Β</em></strong></span> <span class='ocrx_word' id='word_1_208' title='bbox 1105 3668 1157 3716; x_wconf 88' lang='grc'>403</span> <span class='ocrx_word' id='word_1_209' title='bbox 1177 3672 1260 3718; x_wconf 90' lang='grc' dir='ltr'><strong><em>ποῖον</em></strong></span> 
     </span>
     <span class='ocr_line' id='line_1_34' title="bbox 115 3741 1228 3813; baseline 0 -15"><span class='ocrx_word' id='word_1_210' title='bbox 115 3745 180 3811; x_wconf 80' lang='lat' dir='ltr'><strong><em>LP,</em></strong></span> <span class='ocrx_word' id='word_1_211' title='bbox 199 3742 289 3798; x_wconf 87' lang='grc' dir='ltr'><strong><em>ποίων</em></strong></span> <span class='ocrx_word' id='word_1_212' title='bbox 309 3744 383 3798; x_wconf 76' lang='grc' dir='ltr'><strong><em>ΒΟο</em></strong></span> <span class='ocrx_word' id='word_1_213' title='bbox 454 3748 506 3795; x_wconf 90' lang='grc'><strong><em>404</em></strong></span> <span class='ocrx_word' id='word_1_214' title='bbox 525 3741 639 3811; x_wconf 71' lang='grc' dir='ltr'><strong><em>εὐγενὴς</em></strong></span> <span class='ocrx_word' id='word_1_215' title='bbox 656 3760 671 3797; x_wconf 85' lang='grc' dir='ltr'><strong><em>ο</em></strong></span> <span class='ocrx_word' id='word_1_216' title='bbox 687 3744 691 3810; x_wconf 83' lang='grc'><strong><em>]</em></strong></span> <span class='ocrx_word' id='word_1_217' title='bbox 707 3742 866 3813; x_wconf 87' lang='grc' dir='ltr'><strong><em>βαρβάρους</em></strong></span> <span class='ocrx_word' id='word_1_218' title='bbox 884 3743 949 3810; x_wconf 87' lang='lat' dir='ltr'><strong><em>LP,</em></strong></span> <span class='ocrx_word' id='word_1_219' title='bbox 968 3741 1113 3812; x_wconf 84' lang='grc' dir='ltr'><strong><em>βαρβάρου</em></strong></span> <span class='ocrx_word' id='word_1_220' title='bbox 1132 3745 1228 3798; x_wconf 73' lang='lat'><em>1300.</em></span> 
     </span>
     <span class='ocr_line' id='line_1_35' title="bbox 115 3819 1259 3892; baseline 0 -14"><span class='ocrx_word' id='word_1_221' title='bbox 115 3830 167 3878; x_wconf 86' lang='grc'>408</span> <span class='ocrx_word' id='word_1_222' title='bbox 186 3832 342 3892; x_wconf 84' lang='grc' dir='ltr'><strong><em>παγαῖονο</em></strong></span> <span class='ocrx_word' id='word_1_223' title='bbox 417 3827 468 3875; x_wconf 88' lang='grc'>409</span> <span class='ocrx_word' id='word_1_224' title='bbox 488 3819 619 3890; x_wconf 80' lang='grc' dir='ltr'><strong><em>ἀρίστους</em></strong></span> <span class='ocrx_word' id='word_1_225' title='bbox 637 3823 684 3877; x_wconf 83' lang='grc' dir='ltr'><strong><em>Βο</em></strong></span> <span class='ocrx_word' id='word_1_226' title='bbox 755 3827 806 3874; x_wconf 80' lang='grc'>412</span> <span class='ocrx_word' id='word_1_227' title='bbox 826 3820 937 3889; x_wconf 73' lang='grc' dir='ltr'><strong><em>ὕστερος</em></strong></span> <span class='ocrx_word' id='word_1_228' title='bbox 955 3841 976 3888; x_wconf 83' lang='lat' dir='ltr'><strong><em>c,</em></strong></span> <span class='ocrx_word' id='word_1_229' title='bbox 998 3821 1114 3890; x_wconf 73' lang='grc' dir='ltr'><strong><em>ὕστερον</em></strong></span> <span class='ocrx_word' id='word_1_230' title='bbox 1132 3824 1160 3876; x_wconf 88' lang='grc' dir='ltr'><strong><em>Β</em></strong></span> <span class='ocrx_word' id='word_1_231' title='bbox 1168 3825 1259 3891; x_wconf 79' lang='lat' dir='ltr'><em>GLP,</em></span> 
     </span>
     <span class='ocr_line' id='line_1_36' title="bbox 115 3902 1206 3975; baseline -0.002 -17"><span class='ocrx_word' id='word_1_232' title='bbox 115 3905 165 3958; x_wconf 83' lang='lat' dir='ltr'><strong><em>sed</em></strong></span> <span class='ocrx_word' id='word_1_233' title='bbox 188 3925 202 3966; x_wconf 90' lang='grc' dir='ltr'><strong><em>ς</em></strong></span> <span class='ocrx_word' id='word_1_234' title='bbox 226 3919 310 3974; x_wconf 78' lang='lat' dir='ltr'><strong>super</strong></span> <span class='ocrx_word' id='word_1_235' title='bbox 332 3923 348 3957; x_wconf 93' lang='grc' dir='ltr'><strong><em>ν</em></strong></span> <span class='ocrx_word' id='word_1_236' title='bbox 372 3920 422 3957; x_wconf 81' lang='lat' dir='ltr'><strong>scr.</strong></span> <span class='ocrx_word' id='word_1_237' title='bbox 443 3920 466 3971; x_wconf 81' lang='grc' dir='ltr'><strong><em>μ</em></strong></span> <span class='ocrx_word' id='word_1_238' title='bbox 490 3906 494 3972; x_wconf 88' lang='grc' dir='ltr'>Ι</span> <span class='ocrx_word' id='word_1_239' title='bbox 519 3903 685 3975; x_wconf 80' lang='grc' dir='ltr'><strong><em>βοηδρομεῖς</em></strong></span> <span class='ocrx_word' id='word_1_240' title='bbox 703 3903 773 3969; x_wconf 82' lang='lat' dir='ltr'><strong><em>LP,</em></strong></span> <span class='ocrx_word' id='word_1_241' title='bbox 801 3903 970 3974; x_wconf 82' lang='grc' dir='ltr'><strong><em>βοηδρομεῖν</em></strong></span> <span class='ocrx_word' id='word_1_242' title='bbox 989 3904 1056 3970; x_wconf 79' lang='grc' dir='ltr'><strong><em>ΒΟ,</em></strong></span> <span class='ocrx_word' id='word_1_243' title='bbox 1085 3902 1133 3957; x_wconf 81' lang='lat' dir='ltr'><strong>cfr.</strong></span> <span class='ocrx_word' id='word_1_244' title='bbox 1153 3909 1206 3957; x_wconf 82' lang='lat'><strong><em>333</em></strong></span> 
     </span>
     <span class='ocr_line' id='line_1_37' title="bbox 114 3981 1260 4055; baseline 0.001 -18"><span class='ocrx_word' id='word_1_245' title='bbox 114 3990 167 4037; x_wconf 74' lang='lat'><strong><em>41³</em></strong></span> <span class='ocrx_word' id='word_1_246' title='bbox 187 3984 217 4038; x_wconf 76' lang='grc' dir='ltr'><strong><em>ἐν</em></strong></span> <span class='ocrx_word' id='word_1_247' title='bbox 236 3982 323 4055; x_wconf 82' lang='grc' dir='ltr'><strong><em>γένει]</em></strong></span> <span class='ocrx_word' id='word_1_248' title='bbox 342 3982 526 4050; x_wconf 75' lang='lat' dir='ltr'><strong>Valckenaer‚</strong></span> <span class='ocrx_word' id='word_1_249' title='bbox 550 3984 670 4053; x_wconf 75' lang='grc' dir='ltr'><strong><em>ἐγγενεῖς</em></strong></span> <span class='ocrx_word' id='word_1_250' title='bbox 690 3983 716 4035; x_wconf 89' lang='grc' dir='ltr'><em>Β</em></span> <span class='ocrx_word' id='word_1_251' title='bbox 724 3983 814 4048; x_wconf 79' lang='lat' dir='ltr'><strong><em>GLP,</em></strong></span> <span class='ocrx_word' id='word_1_252' title='bbox 838 3983 990 4051; x_wconf 85' lang='grc' dir='ltr'><strong><em>εόγενεῑςο</em></strong></span> <span class='ocrx_word' id='word_1_253' title='bbox 1080 3988 1131 4036; x_wconf 85' lang='grc'>416</span> <span class='ocrx_word' id='word_1_254' title='bbox 1151 3981 1207 4037; x_wconf 72' lang='grc' dir='ltr'><strong><em>οἵδ’</em></strong></span> <span class='ocrx_word' id='word_1_255' title='bbox 1229 3983 1260 4038; x_wconf 78' lang='grc' dir='ltr'><strong><em>ἐν</em></strong></span> 
     </span>
     <span class='ocr_line' id='line_1_38' title="bbox 115 4060 1259 4133; baseline -0.002 -14"><span class='ocrx_word' id='word_1_256' title='bbox 115 4063 223 4119; x_wconf 78' lang='grc' dir='ltr'><strong><em>ὅπλοισι</em></strong></span> <span class='ocrx_word' id='word_1_257' title='bbox 242 4083 264 4133; x_wconf 86' lang='grc' dir='ltr'><strong><em>ι,</em></strong></span> <span class='ocrx_word' id='word_1_258' title='bbox 283 4063 310 4117; x_wconf 85' lang='grc' dir='ltr'><strong><em>ολ</em></strong></span> <span class='ocrx_word' id='word_1_259' title='bbox 329 4061 356 4117; x_wconf 87' lang='grc' dir='ltr'><strong><em>δ’</em></strong></span> <span class='ocrx_word' id='word_1_260' title='bbox 379 4060 481 4117; x_wconf 79' lang='grc' dir='ltr'><strong><em>ἐνθάδ’</em></strong></span> <span class='ocrx_word' id='word_1_261' title='bbox 504 4061 599 4126; x_wconf 81' lang='grc' dir='ltr'><strong><em>ὅπλοις</em></strong></span> <span class='ocrx_word' id='word_1_262' title='bbox 618 4063 678 4118; x_wconf 89' lang='lat' dir='ltr'><strong><em>LP</em></strong></span> <span class='ocrx_word' id='word_1_263' title='bbox 764 4068 815 4116; x_wconf 76' lang='lat'><strong><em>417</em></strong></span> <span class='ocrx_word' id='word_1_264' title='bbox 835 4062 903 4131; x_wconf 84' lang='grc' dir='ltr'><strong><em>άησϊ</em></strong></span> <span class='ocrx_word' id='word_1_265' title='bbox 920 4063 947 4116; x_wconf 88' lang='grc' dir='ltr'>Β</span> <span class='ocrx_word' id='word_1_266' title='bbox 968 4065 972 4133; x_wconf 79' lang='grc' dir='ltr'>Ι</span> <span class='ocrx_word' id='word_1_267' title='bbox 993 4082 1031 4130; x_wconf 89' lang='grc' dir='ltr'><strong><em>τε,</em></strong></span> <span class='ocrx_word' id='word_1_268' title='bbox 1049 4067 1114 4132; x_wconf 78' lang='lat' dir='ltr'><strong>post</strong></span> <span class='ocrx_word' id='word_1_269' title='bbox 1133 4083 1144 4117; x_wconf 82' lang='grc' dir='ltr'><strong><em>ε</em></strong></span> <span class='ocrx_word' id='word_1_270' title='bbox 1166 4062 1259 4117; x_wconf 74' lang='lat' dir='ltr'>deleto</span> 
     </span>
     <span class='ocr_line' id='line_1_39' title="bbox 114 4140 1260 4214; baseline -0.002 -15"><span class='ocrx_word' id='word_1_271' title='bbox 114 4162 138 4212; x_wconf 87' lang='grc' dir='ltr'><strong><em>τ,</em></strong></span> <span class='ocrx_word' id='word_1_272' title='bbox 158 4147 185 4199; x_wconf 89' lang='grc' dir='ltr'><strong><em>Β</em></strong></span> <span class='ocrx_word' id='word_1_273' title='bbox 267 4150 319 4198; x_wconf 88' lang='grc'>418</span> <span class='ocrx_word' id='word_1_274' title='bbox 339 4143 452 4212; x_wconf 78' lang='grc' dir='ltr'><strong><em>μένουσι</em></strong></span> <span class='ocrx_word' id='word_1_275' title='bbox 470 4144 679 4214; x_wconf 84' lang='grc' dir='ltr'><strong><em>καρτεροῦντες]</em></strong></span> <span class='ocrx_word' id='word_1_276' title='bbox 699 4140 759 4197; x_wconf 83' lang='grc' dir='ltr'><strong><em>σῦκ’</em></strong></span> <span class='ocrx_word' id='word_1_277' title='bbox 781 4143 812 4198; x_wconf 81' lang='grc' dir='ltr'><strong><em>ἐν</em></strong></span> <span class='ocrx_word' id='word_1_278' title='bbox 830 4152 1060 4211; x_wconf 82' lang='grc' dir='ltr'><strong><em>καρτεροῦντεςι</em></strong></span> <span class='ocrx_word' id='word_1_279' title='bbox 1140 4149 1190 4198; x_wconf 79' lang='lat'><strong><em>421</em></strong></span> <span class='ocrx_word' id='word_1_280' title='bbox 1211 4145 1260 4197; x_wconf 82' lang='grc' dir='ltr'><strong><em>καλ</em></strong></span> 
     </span>
     <span class='ocr_line' id='line_1_40' title="bbox 114 4221 1258 4297; baseline -0.003 -18"><span class='ocrx_word' id='word_1_281' title='bbox 114 4223 176 4279; x_wconf 85' lang='grc' dir='ltr'><strong><em>κατ’</em></strong></span> <span class='ocrx_word' id='word_1_282' title='bbox 195 4224 297 4294; x_wconf 81' lang='grc' dir='ltr'><strong><em>ὄμμασι</em></strong></span> <span class='ocrx_word' id='word_1_283' title='bbox 315 4224 417 4295; x_wconf 72' lang='grc' dir='ltr'><strong><em>λέγων</em></strong></span> <span class='ocrx_word' id='word_1_284' title='bbox 488 4230 540 4279; x_wconf 78' lang='lat'><strong><em>422</em></strong></span> <span class='ocrx_word' id='word_1_285' title='bbox 556 4228 611 4278; x_wconf 88' lang='lat' dir='ltr'><strong><em>PH.</em></strong></span> <span class='ocrx_word' id='word_1_286' title='bbox 628 4241 710 4279; x_wconf 65' lang='grc' dir='ltr'><strong><em>οιτον</em></strong></span> <span class='ocrx_word' id='word_1_287' title='bbox 781 4229 832 4277; x_wconf 78' lang='lat'><strong><em>423</em></strong></span> <span class='ocrx_word' id='word_1_288' title='bbox 852 4222 941 4293; x_wconf 80' lang='grc' dir='ltr'><strong><em>τέμνω</em></strong></span> <span class='ocrx_word' id='word_1_289' title='bbox 956 4223 1056 4279; x_wconf 75' lang='lat' dir='ltr'>Nauck</span> <span class='ocrx_word' id='word_1_290' title='bbox 1128 4230 1180 4280; x_wconf 80' lang='lat'><strong><em>424</em></strong></span> <span class='ocrx_word' id='word_1_291' title='bbox 1199 4221 1258 4297; x_wconf 58' lang='grc' dir='ltr'><strong><em>μεί,</em></strong></span> 
     </span>
     <span class='ocr_line' id='line_1_41' title="bbox 113 4302 997 4380; baseline -0.003 -19"><span class='ocrx_word' id='word_1_292' title='bbox 113 4304 171 4374; x_wconf 73' lang='grc' dir='ltr'><strong><em>ζον’</em></strong></span> <span class='ocrx_word' id='word_1_293' title='bbox 193 4306 260 4376; x_wconf 90' lang='lat' dir='ltr'><strong><em>LP,</em></strong></span> <span class='ocrx_word' id='word_1_294' title='bbox 278 4305 341 4362; x_wconf 67' lang='lat' dir='ltr'><strong>fort.</strong></span> <span class='ocrx_word' id='word_1_295' title='bbox 361 4307 465 4377; x_wconf 85' lang='grc' dir='ltr'><strong><em>μᾶλλον</em></strong></span> <span class='ocrx_word' id='word_1_296' title='bbox 536 4311 588 4362; x_wconf 74' lang='grc'><strong><em>425</em></strong></span> <span class='ocrx_word' id='word_1_297' title='bbox 608 4302 765 4378; x_wconf 80' lang='grc' dir='ltr'><strong><em>ἐτειρόμην]</em></strong></span> <span class='ocrx_word' id='word_1_298' title='bbox 783 4303 846 4358; x_wconf 76' lang='lat' dir='ltr'><strong>fort.</strong></span> <span class='ocrx_word' id='word_1_299' title='bbox 866 4303 997 4380; x_wconf 81' lang='grc' dir='ltr'><strong><em>ἐγριόμην</em></strong></span> 
     </span>
    </p>
   </div>
   <div class='ocr_carea' id='block_1_5' title="bbox 0 0 1508 4934">
    <p class='ocr_par' dir='ltr' id='par_1_5' title="bbox 0 0 1508 4934">
     <span class='ocr_line' id='line_1_42' title="bbox 0 0 1508 4934; baseline 0 2"><span class='ocrx_word' id='word_1_300' title='bbox 0 0 1508 4934; x_wconf 95' lang='lat' dir='ltr'><strong><em> </em></strong></span> 
     </span>
    </p>
   </div>
  </div>
 </body>
</html>
