3014 4928
422 299 545 350 ΓΕΝΟΣ
563 297 625 349 KAI
643 299 730 350 ΒΙΟΣ
748 299 952 350 ΕΥΡΙΠΙΔΟΥ
1219 298 1261 362 95

116 460 224 526 αὐτοῦ
242 460 378 526 πινάκια
397 459 433 525 ἐν
453 460 637 544 Μεγάροις·
657 457 816 544 γενέσθαι
836 457 873 525 δὲ
892 459 994 526 αὐτὸν
1012 457 1067 526 καλ
1084 461 1263 545 πυρφόρον

115 576 179 633 τοῦ
203 571 398 650 Ζωστηρίου
415 564 634 645 Ἀπόλλωνος.
679 575 887 651 γεννηθῆναι
915 563 952 631 δὲ
979 567 1018 652 τῇ
1047 567 1128 651 αὐτη
1157 564 1262 655 ἡμέρᾳ
1282 586 1316 634 20

116 672 174 739 καὶ
193 670 400 755 Ἑλλάνικον,
429 663 509 758 ένῇ
539 673 659 739 ἐνίκων
687 675 747 757 τὴν
774 672 850 756 περὶ
874 678 1049 757 Σαλαμῖνα
1079 678 1264 758 ναυμαχίαν

112 783 149 846 οί
168 779 334 864 Ἕλληνες.
382 780 547 860 άρξασθαι
576 777 613 845 δὲ
641 779 862 864 ἀγωνίζεσθαι
890 783 1073 865 γενόμενον
1101 779 1183 845 έτῶν
1210 778 1265 858 κς’.

115 887 252 971 μετέστη
283 883 319 952 δὲ
350 886 386 952 ἐν
408 890 592 974 Μαγνησίᾳ
620 885 675 952 καλ
702 885 859 975 προξενίᾳ
886 886 1024 972 ἐτιμήθη
1047 883 1103 952 καλ
1126 885 1264 974 ἀτελείᾳ.

112 996 245 1061 ἐκεῖθεν
265 989 302 1058 δὲ
322 996 369 1071 είς
383 996 600 1059 Μακεδονίαν
620 995 707 1076 παρὰ
724 992 901 1079 Ἀρχέλαον
920 998 1099 1078 γενόμενος
1118 991 1263 1077 διέτριψε

113 1102 168 1167 καλ
202 1104 415 1186 χαριζόμενος
448 1100 538 1186 αὐτῷ
572 1103 681 1185 δρᾶμα
714 1101 898 1185 ὁμωνύμως
932 1104 1053 1185 ἔγραψε
1087 1099 1142 1166 καλ
1174 1102 1261 1185 μάλα
1282 1122 1315 1168 aa

112 1210 249 1289 ἔπραττε
282 1205 359 1290 παρ’
395 1208 500 1296 αὐτῷ,
534 1208 587 1273 ὅτε
620 1207 675 1272 καλ
708 1205 760 1273 έπλ
792 1219 858 1273 τῶν
894 1211 1090 1292 διοικήσεων
1124 1208 1262 1291 ἐγένετο.

112 1315 243 1398 ἐλέγετο
278 1310 314 1379 δὲ
349 1313 404 1379 καλ
436 1316 550 1396 βαθὺν
577 1316 720 1398 πώγωνα
753 1313 878 1398 θρέψαι
907 1313 961 1380 καλ
989 1313 1042 1381 έπλ
1070 1323 1127 1399 της
1155 1317 1264 1394 ὅψεως

114 1425 243 1507 φακοὺς
272 1419 453 1506 ἐσχηκέναι.
499 1433 641 1504 γυναῖκα
665 1418 702 1486 δὲ
725 1431 826 1505 γῆμαι
849 1424 984 1506 πρώτην
1009 1424 1159 1505 Μελιτώ,
1188 1423 1262 1488 δευ-

115 1529 216 1614 τέραν
241 1525 277 1595 δὲ
302 1533 471 1613 Χοιρίλην.
517 1526 572 1594 καλ
594 1529 691 1605 υίοδς
714 1527 864 1594 κατέλιπε
888 1541 991 1613 τρεῖς,
1019 1531 1263 1614 Μνησαρχίδην

115 1633 177 1722 μὲν
200 1637 427 1720 πρεσβύτατον
451 1638 614 1720 ἔμπορον,
641 1636 799 1719 δεύτερον
822 1633 860 1701 δὲ
883 1641 1103 1720 Μνησίλοχον
1125 1635 1261 1717 δποκρι-
1282 1655 1315 1704 ³0

113 1747 189 1827 τήν,
221 1744 388 1809 νεώτατον
421 1739 458 1807 δὲ
481 1743 683 1826 Εὐριπίδην,
716 1741 751 1819 ὃς
784 1742 912 1823 ἐδίδαξε
944 1752 1005 1808 τοῦ
1036 1744 1171 1827 πατρὸς
1190 1745 1262 1808 ἔνια

114 1851 274 1935 δράματα.
319 1851 440 1934 ἤρξατο
465 1848 501 1914 δὲ
531 1850 701 1916 διδάσκειν
725 1847 778 1915 ἐπὶ
806 1852 956 1916 Καλλίου
978 1851 1139 1934 ἄρχοντος
1162 1849 1261 1935 ὀλυμ-

110 1958 230 2035 πιάδος
252 1954 307 2021 πα’
332 1959 398 2022 ἔτει
421 1953 461 2039 α’,
485 1968 619 2040 πρῶτον
643 1952 678 2021 δὲ
703 1955 831 2036 ἐδίδαξε
855 1958 913 2034 τὰς
932 1958 1110 2037 Πελιάδας,
1134 1957 1188 2022 ὅτε
1206 1955 1261 2022 καὶ

111 2139 325 2146 ——-—-—--

110 2266 143 2322 δὲ
152 2267 201 2321 τὸν
212 2265 360 2336 εόριπλδην
372 2266 419 2320 καλ
434 2264 584 2336 ζωγράφον
595 2264 739 2336 γεγονέναι
750 2266 820 2332 FF,
836 2267 907 2336 φασὶ
922 2264 954 2320 δέ
967 2286 1041 2328 τινες
1054 2266 1104 2321 τὸν
1114 2265 1261 2335 εόριπίδην

110 2348 159 2401 καλ
174 2345 323 2416 ζωγράφον
338 2344 483 2416 γεγονέναι
501 2346 525 2400 G
600 2352 703 2399 18-28
719 2347 766 2411 καλ
786 2343 953 2400 δείκνυσθαι
965 2390 970 2400 ,
983 2389 988 2400 .
1000 2345 1146 2416 ἐσχηκέναι
1161 2364 1213 2400 om.
1231 2346 1256 2399 G

167 2432 199 2480 19
214 2427 313 2498 αὐτοῦ]
328 2426 415 2481 αὑτὸν
425 2426 456 2480 F
469 2427 473 2496 Ι
489 2425 624 2481 πινάκιον
636 2427 672 2495 Ε,
687 2424 772 2491 πίναξ
783 2427 813 2480 F
867 2432 971 2479 19-22
986 2425 1119 2495 γενέσθαι
1132 2470 1136 2480 .
1149 2422 1260 2494 ,Ἔλλη-

111 2527 157 2570 νες
175 2524 228 2560 om.
244 2508 308 2561 EF
397 2512 429 2559 21
450 2506 510 2577 καλ]
530 2499 548 2578 ᾖ
570 2508 617 2560 καλ
638 2505 667 2561 Ε.
684 2506 824 2561 Schwartz
844 2509 848 2577 Ι
870 2506 957 2560 verba
979 2507 1027 2560 καλ
1043 2503 1207 2560 Ἑλλάνικον
1227 2522 1260 2560 ex

110 2586 238 2657 margine
257 2585 340 2640 illata
357 2588 441 2655 putat
460 2585 610 2657 Welcker(
633 2586 777 2641 ἑλλανικὸν
797 2589 826 2641 D
917 2592 1021 2640 20-22
1042 2590 1260 2655 γεννηθῆναι..

111 2668 182 2723 ἐτῶν
201 2666 239 2729 κς’
261 2666 329 2721 aicit
347 2667 390 2721 Fr.
406 2666 462 2720 Leo
543 2673 575 2720 21
597 2670 752 2736 σαλαμίναν
772 2670 799 2722 Β
881 2672 913 2719 22
934 2664 964 2721 δὲ
983 2683 1037 2720 om.
1057 2667 1154 2721 BEF
1167 2668 1171 2736 Ι
1187 2667 1259 2735 ὀιγω-

90 2816 93 2821 .
112 2746 248 2804 νίσασθαι
267 2750 295 2802 Β
311 2750 315 2817 Ι
331 2746 479 2817 γενόμενος
497 2746 579 2816 EF!
596 2747 664 2802 ἐτῶν
683 2766 717 2805 κς
737 2750 772 2813 Β,
793 2747 860 2802 ἐτῶν
880 2746 997 2811 εἰκοσιέξ
1015 2748 1086 2813 AD,
1107 2745 1194 2800 εἴκοσι
1211 2747 1259 2800 καλ

113 2827 141 2893 ἐξ
162 2828 229 2883 ἐτῶν
247 2829 284 2894 Ε,
304 2827 342 2891 κς’
364 2828 432 2881 ἐτῶν
451 2828 499 2897 ΕΙ
516 2827 585 2881 ἐτῶν
603 2826 685 2882 πέντε
705 2828 752 2881 καλ
771 2826 859 2882 είκοσι
877 2828 998 2898 γεγονώς
1011 2826 1108 2881 Τλτοαι.
1124 2825 1261 2896 Magister

168 2913 272 2962 23-26
292 2906 405 2977 μετέστη
422 2949 427 2961 ,
444 2949 449 2960 .
466 2905 574 2976 ἐγένετο
594 2925 646 2962 om.
667 2909 731 2962 EF
826 2914 859 2961 23
879 2905 1021 2981 μαγνησίῳ
1040 2910 1067 2961 A
1089 2910 1093 2976 Ι
1113 2904 1260 2980 προξενίᾳ]

113 2988 247 3056 Elmsley,
265 2987 391 3056 προξένω
411 2988 507 3042 ABD
527 2990 531 3057 Ι
555 2986 650 3062 ἀτελίᾳ
668 2991 696 3042 Α
786 2995 820 3042 24
839 2989 870 3042 δὲ
889 3005 942 3042 om.
962 2989 990 3042 Β
1015 2990 1020 3057 Ι
1044 2986 1186 3057 μακεδένα
1206 2989 1234 3040 Β
1255 2989 1258 3058 Ι

114 3069 204 3140 παρὰ]
224 3068 254 3122 Ε.
270 3068 424 3135 Schwartz,
446 3068 511 3135 περὶ
529 3069 626 3122 ABD
716 3074 750 3123 25
769 3068 842 3138 μάλα
866 3069 994 3139 ἔπραττε]
1017 3067 1123 3136 μεγάλα
1145 3068 1260 3134 ἔπραττε

113 3166 276 3219 anonymus,
296 3148 369 3218 μάλα
388 3151 520 3217 λαμπρῶς
539 3148 592 3217 (val
611 3145 652 3218 εὖ)
672 3148 788 3214 ἔπραττε
808 3148 939 3216 ΕῙωελογ,
964 3147 1027 3202 fort.
1047 3147 1120 3216 μάλα
1139 3146 1260 3215 ἐτιμᾶτο,

112 3230 161 3283 cfr.
179 3238 228 3299 τῆς
247 3229 335 3297 άκρας
353 3228 505 3283 ἀπολαύων
523 3236 603 3298 τιμῆς
622 3229 697 3298 apud
716 3227 831 3282 Suidam
851 3246 871 3283 ε.
892 3246 915 3282 v.
936 3225 1110 3295 Εὐριπίδης,
1134 3224 1261 3296 μεγίστης

112 3311 224 3379 ἠξιοῦτο
243 3318 323 3380 τιμῆς
341 3310 416 3379 apud
431 3308 528 3363 Thom.
544 3308 712 3379 Magistrum
785 3316 818 3362 26
839 3306 895 3380 ὅτε]
915 3305 946 3371 ὅς
964 3327 994 3377 γε
1014 3301 1113 3375 Pflugk
1130 3313 1133 3372 Ι
1151 3305 1258 3376 ἐγένετο

112 3408 164 3445 om.
184 3392 215 3445 D
295 3396 339 3461 27
359 3388 465 3460 ἐλέγετο
484 3387 515 3445 δὲ
534 3390 594 3462 καλ]
617 3388 727 3459 λέγουσι
745 3389 776 3444 δὲ
796 3389 883 3443 αὐτὸν
902 3388 949 3441 καλ
970 3389 1010 3454 Ε,
1033 3385 1141 3456 λέγουσι
1161 3385 1192 3440 δὲ
1210 3387 1259 3440 τὸν

110 3472 210 3526 τούτου
228 3469 336 3538 πατέρα
350 3471 381 3524 F
467 3475 547 3537 27ιιη.
567 3471 680 3539 φακοὺς
699 3470 745 3524 ἐπλ
767 3477 816 3538 τῆς
835 3467 926 3538 ὄψεως
945 3468 1009 3522 EF
1027 3467 1094 3546 W]
1117 3486 1146 3520 τε
1166 3467 1259 3520 EFG

164 3556 198 3605 28
222 3559 307 3621 γῆμαι
333 3551 447 3620 πρώτην
469 3550 578 3618 ADF,
606 3557 691 3619 γῆμαι
718 3558 829 3618 πρῶτον
854 3548 928 3616 ΕΘ,
955 3557 1066 3616 πρῶτον
1094 3555 1178 3616 γῆμαι
1204 3549 1232 3602 Β
1254 3548 1256 3616 Ι

110 3632 223 3702 μελιττώ
244 3632 283 3699 θ,
306 3631 400 3701 μιλιτώ
420 3632 449 3685 D
470 3632 474 3701 Ι
496 3630 628 3699 δεάτερον
648 3631 677 3683 Ε
761 3636 794 3682 29
814 3627 845 3683 δὲ
865 3646 918 3684 om.
937 3629 968 3682 Ε
973 3629 999 3684 G
1019 3631 1023 3697 Ι
1043 3625 1168 3699 χοιρλλην
1187 3629 1258 3694 ΑΙ),

110 3710 238 3783 χοιρίνην
258 3714 299 3777 Β,
318 3710 460 3784 χοιρίλλην
480 3712 521 3776 Ε,
540 3709 682 3782 χοιρίλλαν
701 3712 737 3777 F,
762 3707 901 3781 χοιρίλλον
923 3709 1097 3776 (ίΙπράτην
1115 3705 1259 3776 Χοιρίληυ,

110 3792 244 3861 δευτέραν
267 3792 298 3846 δέ
323 3793 435 3846 Μελιτά
454 3791 576 3844 Dindorf
593 3792 598 3864 Ι
618 3792 666 3845 καλ
688 3790 767 3854 υἱοὺς
790 3793 953 3845 καταλιπεῖν
973 3790 1003 3843 F
1008 3791 1046 3856 G,
1074 3787 1202 3843 κατέλιπε
1227 3787 1258 3842 δὲ

109 3871 189 3935 υἱοὺς
208 3872 232 3926 O
245 3876 249 3942 Ι
265 3869 474 3943 μνησταρχίδην
492 3872 518 3925 A
611 3877 645 3924 30
664 3870 714 3940 μὲν
733 3888 786 3926 om.
807 3874 834 3926 A
925 3875 1007 3937 30sq.
1027 3869 1077 3939 μὲν
1093 3912 1098 3924 .
1115 3912 1120 3922 .
1136 3867 1257 3940 έδίδαξε]

109 3950 277 4023 μνησίλοχον
295 3953 343 4007 καλ
365 3949 512 4021 εόριπίδηι·
532 3951 559 4006 οἳ
578 3950 754 4016 ἐδίδαξανθ
843 3957 877 4004 30
895 3950 1086 4021 πρεσβύτατον
1105 3948 1258 4016 Kirchh0ff‚

108 4034 297 4104 πρεσβύτερον
311 4033 446 4099 AEFG,
465 4041 577 4100 πρῶτον
591 4033 654 4086 BD
727 4038 760 4084 31
780 4033 931 4103 νεώτατον]
945 4030 1054 4097 Nauck,
1074 4031 1207 4098 νεώτερος
1222 4030 1258 4092 Β,

109 4107 245 4181 νεάτερον
260 4113 424 4168 ADEFG
439 4115 444 4182 Ι
460 4112 492 4167 δέ
507 4110 678 4184 Εὐριπίδην]
697 4109 888 4184 μνησαρχίδου
904 4113 934 4166 Ε
948 4114 952 4181 Ι
969 4110 996 4165 οἳ
1016 4109 1149 4176 ἐδίδαξαν
1164 4110 1257 4163 EFG

164 4199 270 4247 32-34
284 4192 386 4263 ἤρξατο
403 4235 426 4247 ..
443 4191 551 4263 ἐγένετο
566 4210 620 4247 om.
637 4193 758 4247 OEFG
819 4198 852 4245 32
868 4191 1051 4262 ὀλυμπιάδος]
1066 4191 1096 4243 Ε.
1108 4189 1257 4255 Schwartz,

109 4273 271 4343 ὀλυμπιάδα
289 4276 359 4341 ΑΒ,
378 4273 450 4328 κατὰ
470 4272 630 4343 ὀλυμπιάδα
650 4275 679 4328 D
761 4279 794 4326 33
813 4271 863 4327 πα’
883 4274 918 4339 Β,
938 4270 1126 4341 ὀγδοηκοστὴν
1144 4268 1257 4335 πρώτην

109 4354 173 4408 AD
198 4357 202 4421 Ι
228 4355 281 4408 έτει
309 4355 409 4422 πρώτω
432 4352 539 4408 habant
565 4358 631 4423 post
653 4352 788 4417 πελιάδας
806 4353 876 4420 ΑΒ,
903 4369 956 4406 om.
978 4352 1012 4417 G,
1041 4351 1094 4402 hue
1116 4346 1257 4431 revocavit

110 4432 234 4504 Elmsley
251 4439 255 4504 Ι
270 4433 420 4497 πελειάδας
438 4437 478 4502 Α,
501 4434 637 4496 πλειάδος
655 4435 684 4489 D
