3008 4942
563 306 754 358 ΦΟΙΝΙΣΣΑΙ

96 468 168 529 ΠΟ.
210 464 335 543 διπλοῦς
357 465 376 532 δ
400 473 511 552 μῦθος
533 476 590 552 τῆς
612 468 773 552 ἀληθείας
795 471 871 552 ἔφυ,

210 571 272 637 κοῦ
294 576 454 639 ποικίλων
478 574 532 640 δεῖ
551 572 678 660 τᾶνδιχ’
702 573 971 660 ἑρμηνευμάτων·

211 681 277 764 ἔχει
300 681 363 763 γάρ
387 679 471 746 αὐτὰ
493 685 625 768 καιρόν·
648 682 666 748 ὁ
691 679 724 747 δ’
744 682 858 760 άδικος
881 684 979 766 λόγος

209 797 321 852 νοσῶν
344 786 381 854 ἐν
404 787 494 876 αὑτῷ
518 787 702 874 φαρμάκων
726 788 830 854 δεῖται
854 801 981 873 σοφῶν.

209 892 273 976 ἐγὼ
299 890 335 959 δὲ
358 896 482 980 πατρὸς
505 896 666 979 δωμάτιον
688 896 963 981 προυσκεψάμην·

209 999 334 1085 τούμόν
356 1024 391 1066 τε
414 999 471 1066 καλ
492 999 585 1067 τοῦδ’
609 1001 767 1086 ἐκφυγεῖν
790 999 920 1089 χρῄζων
942 1003 1033 1089 άράς,

210 1105 248 1184 δις
273 1109 433 1184 Οἰδίπους
456 1106 632 1192 ἐφθέγξατ’
653 1110 701 1186 είς
722 1107 809 1194 ἡμᾶς
831 1132 921 1193 ποτε,

211 1212 354 1298 ἐξῆλθον
378 1214 439 1293 ἔξω
462 1212 557 1298 τῆσδ’
579 1213 664 1281 ἑκὼν
687 1216 786 1294 αὐτὸς
807 1220 943 1301 χθονός,

210 1323 291 1399 δοῦς
312 1316 390 1411 τῷδ’
413 1320 572 1388 ἀνάσσειν
593 1325 754 1409 πατρίδος
777 1322 932 1390 ἐνιαυτοῦ
955 1325 1090 1408 κύκλον,

211 1425 287 1494 ὥστ’
309 1427 409 1506 αὐτὸς
432 1429 547 1514 ἄρχειν
569 1423 670 1507 αὖθις
693 1429 758 1495 άνδι
780 1428 880 1515 μέρος
903 1430 1015 1515 λαβὼν

208 1533 262 1600 καὶ
285 1536 329 1619 μὴ
354 1533 398 1599 δι’
420 1537 545 1621 ἔχθρας
566 1537 651 1623 τῷδε
674 1533 729 1601 καλ
752 1538 862 1621 φόνου
886 1538 1000 1622 μολὼν

208 1644 310 1707 κακόν
333 1665 364 1707 τι
389 1643 509 1727 δρᾶσαι
531 1641 588 1709 καὶ
608 1650 745 1727 παθεῖν,
767 1642 788 1708 ἃ
809 1647 970 1729 γίγνεται.

208 1748 226 1814 ὃ
251 1742 282 1813 δ’
303 1746 438 1826 αἰνέσας
460 1747 558 1816 ταῦθ’
581 1750 716 1836 ὁρκίους
737 1774 772 1816 τε
797 1751 878 1828 δοὺς
900 1751 1013 1834 θεούς,

211 1855 352 1940 ἔδρασεν
375 1853 476 1922 οὐδὲν
499 1851 548 1922 ὧν
570 1852 736 1942 ὑπέσχετ’,
759 1851 832 1922 ἀλλ’
854 1860 921 1943 ἔχει

209 1961 377 2045 τυραννίδ’
402 1962 502 2040 αὐτὸς
523 1962 579 2028 καὶ
603 1963 716 2048 δόμων
740 1962 821 2047 ἐμὸν
844 1964 951 2049 μέρος.

207 2066 262 2133 καὶ
284 2078 349 2135 νῦν
372 2068 502 2154 ἕτοιμός
524 2071 591 2154 είμι
613 2067 783 2154 τάμαυτοῦ
807 2071 920 2155 λαβὼν

209 2178 351 2263 στρατὸν
373 2172 434 2261 μὲν
458 2176 519 2256 ἔξω
542 2173 634 2260 τῆσδ’
657 2175 849 2243 ἀποστεῖλαι
872 2179 1009 2263 χθονός,

210 2284 314 2350 οἰκεῖν
337 2280 374 2349 δὲ
396 2285 457 2349 τὸν
480 2283 561 2368 ἐμὸν
583 2278 678 2350 οἶκον
702 2282 766 2349 άνὰ
788 2284 887 2370 μέρος
910 2286 1024 2369 λαβὼν

208 2387 263 2456 καὶ
288 2384 369 2480 τῷδ’
390 2390 527 2475 ἀφεῖναι
550 2391 610 2455 τὸν
633 2396 708 2455 ίσον
732 2384 833 2468 αὖθις
855 2387 899 2457 αὖ
921 2395 1054 2477 χρόνον,

209 2495 263 2563 καὶ
286 2499 366 2583 μήτε
389 2503 533 2583 πορθεῖν
556 2499 698 2582 πατρίδα
722 2499 801 2583 μήτε
824 2497 1029 2585 προσφέρειν

207 2605 364 2690 πύργοισι
386 2615 521 2688 πηκτῶν
543 2605 713 2689 κλιμάκων
735 2605 992 2690 προσαμβάσεις,

208 2710 228 2775 δ
252 2714 295 2796 μὴ
319 2714 466 2797 κυρήσας
487 2721 545 2796 τῆς
568 2711 663 2796 δίκης
685 2710 883 2797 πειράσομαι

208 2820 301 2904 δρᾶν.
347 2818 516 2904 μάρτυρας
538 2815 576 2884 δὲ
598 2819 705 2884 τῶνδε
728 2820 890 2904 δαίμονας
912 2823 1013 2902 καλῶ,

207 2926 252 3002 ὡς
274 2926 380 2992 πάντα
403 2926 564 3011 πράσσων
587 2928 652 2991 σὺν
676 2928 763 3012 δίκη,
787 2928 882 3010 δίκης
903 2928 981 3009 άτερ

209 3032 453 3118 ἀποστεροῦμαι
476 3035 635 3118 πατρίδος
658 3031 873 3099 ἀνοσιώτατα.

207 3134 299 3205 ταῦτ’
321 3137 401 3206 αὕθ’
424 3139 555 3221 ἕκαστα,
579 3149 691 3225 μῆτερ,
715 3121 790 3226 οὐγλ
812 3141 1013 3225 περιπλοκάς

161 3401 214 3450 468
233 3395 339 3459 διπλοῦς
356 3398 385 3453 A
474 3401 527 3451 470
545 3394 696 3451 ποικίλλων
714 3397 743 3449 Β
767 3397 772 3469 Ι
802 3398 849 3451 δεῖ
864 3393 891 3451 τ’
908 3393 1002 3468 άνδιγ’
1019 3396 1080 3450 ΑΒ
1170 3401 1223 3451 472

73 3479 147 3550 αὐτῷ
167 3477 255 3533 ABS
342 3482 483 3531 474-476
503 3477 627 3547 suspecti
655 3480 717 3547 (475
743 3477 861 3531 damnat
886 3476 1001 3543 Nauck,
1029 3481 1082 3531 478
1109 3475 1223 3531 delebat

72 3557 140 3612 olim
163 3558 305 3628 Hartung‚
335 3556 412 3611 delet
433 3557 531 3628 Paley)
622 3563 674 3611 478
693 3557 757 3612 fort.
776 3557 888 3628 ἀρχὴν.
909 3558 1027 3628 ,λαβεῖν
1117 3562 1169 3611 479
1181 3574 1221 3625 sq.

73 3638 196 3709 suspecti
222 3642 285 3708 (480
311 3638 389 3692 delet
413 3637 524 3709 Nauck)
614 3644 666 3693 479
686 3638 778 3707 φόνον
796 3659 838 3709 γρ.
858 3638 907 3692 καλ
925 3635 1040 3707 φθάνον
1059 3640 1099 3705 A,
1125 3635 1222 3706 φόνων

72 3719 121 3789 A!
146 3722 241 3788 μολεῖν
260 3719 353 3774 deleto
372 3734 452 3772 versu
470 3718 597 3789 proximo
615 3718 738 3772 Dindorf
814 3723 866 3772 480
885 3714 992 3788 γίνεται
1011 3718 1101 3773 ABS
1169 3723 1220 3771 481

72 3797 173 3872 ταῦθ’]
198 3798 263 3854 τάδ’
283 3799 309 3854 G
397 3805 450 3854 488
471 3799 538 3868 ἐμὸν
556 3798 632 3867 quod
650 3798 741 3853 estin
760 3815 813 3852 rec.
834 3797 906 3851 libro
929 3798 1046 3868 legebat
1070 3797 1222 3853 scholiasta

72 3879 120 3948 qui
139 3880 271 3935 adnotat:
290 3879 428 3951 γράφεται
446 3881 495 3934 παλ
513 3877 608 3948 δόμων
627 3879 700 3949 ἐμῶν
718 3878 812 3951 μέρος]
832 3878 905 3947 ἐμῶν
922 3879 973 3934 OS
1041 3884 1094 3933 484
1113 3879 1222 3949 ἕτοιμός

72 3963 101 4014 σῖ
117 3960 262 4029 τὰμάοτοῦ
280 3963 308 4015 A
380 3966 431 4016 487
451 3960 562 4028 ἐφεῖναι
581 3959 604 4016 J.
620 3959 741 4014 Heiland
762 3963 766 4030 Ι
791 3955 853 4014 ἶσον
872 3959 982 4028 ΑοΒΙ
1008 3955 1086 4022 αὖτις
1105 3961 1132 4014 Β
1153 3961 1158 4030 Ι
1183 3957 1220 4015 αὖ

73 4056 124 4096 om.
143 4040 224 4108 libri,
248 4040 312 4095 add.
332 4044 472 4095 corrector
494 4040 599 4095 codicis
622 4039 758 4110 Kingiani
782 4038 952 4110 (Triclinius)
1043 4046 1095 4094 488
1114 4039 1182 4109 μήτε
1200 4040 1223 4096 S

72 4123 110 4190 (τῖ’
126 4137 211 4191 super
228 4140 258 4175 τε
277 4138 328 4176 scr.
348 4123 377 4191 l),
402 4119 498 4190 μὴκίτι
517 4123 557 4188 A,
584 4120 650 4190 μήτε
675 4140 702 4174 τι
720 4120 854 4175 A²aBE
941 4126 994 4175 489
1013 4120 1221 4191 προοάμβάσεις

72 4202 111 4269 A,
135 4201 208 4269 πρὸς
232 4200 368 4272 άμβάσεις
393 4202 458 4268 αΕ,
483 4200 651 4273 προσβάσεις
669 4201 696 4254 Β
722 4222 763 4272 γρ.
783 4200 936 4272 ἀναβάσεις
961 4217 1096 4271 superser.
1116 4202 1132 4256 b
1151 4201 1222 4269 πρὸς

73 4279 201 4353 ἐμβάσεις
218 4299 254 4335 m.
274 4297 328 4335 rec.
409 4286 462 4334 490
481 4279 500 4334 ἃ
518 4282 545 4336 A
565 4281 598 4335 οδ
618 4280 659 4335 A²
735 4285 787 4334 492
806 4282 844 4345 ὡς
862 4281 992 4348 A²aES‚
1012 4281 1060 4335 καλ
1079 4283 1220 4349 (compen-

73 4359 118 4415 dio
133 4364 196 4431 scr.)
211 4362 271 4417 AB
287 4361 292 4432 Ι
308 4359 437 4428 πράττων
456 4361 482 4415 G
554 4367 606 4414 484
625 4357 697 4415 αὔθ’
713 4358 815 4414 ἕκαστα
830 4362 866 4428 Ε,
885 4359 956 4415 πάθ’
974 4359 1077 4414 ἕκαστα
1091 4362 1126 4428 A,
1145 4356 1215 4412 αὖθ’

73 4437 173 4496 ἕκαστα
191 4459 219 4511 a,
237 4440 400 4496 αὐθέκαστα
419 4441 447 4508 S,
466 4437 517 4496 οὖν
535 4439 569 4495 θ’
586 4440 688 4496 ἕκαστα
705 4441 734 4496 Β
