3044 4942
473 1214 672 1304 Ὑπόθεσις
694 1213 944 1312 Ἀνδρομάχης.

226 1377 459 1458 Νεοπτόλεμος
486 1373 523 1439 έν
550 1383 589 1458 τή
617 1360 719 1460 Τροίᾳ
748 1373 847 1456 γέρας
874 1374 987 1455 λαβὼν
1018 1375 1079 1457 τήν
1104 1368 1282 1458 Ἀνδρομά-

137 1505 211 1565 χην,
235 1483 297 1565 τήν
312 1480 471 1564 Ἕκτορος
493 1492 652 1565 γυναῖκα,
674 1482 778 1545 παῖδα
802 1483 911 1546 ἔτεκεν
934 1479 967 1558 ἐξ
991 1481 1100 1565 αὐτῆς.
1141 1481 1284 1564 ὕστερον

137 1585 174 1653 δὲ
202 1587 365 1672 ἐπέγημεν
386 1587 580 1673 Ἑρμιόνην,
609 1591 670 1671 τήν
693 1588 873 1652 Μενελάου
900 1586 1077 1670 θυγατέρα.
1124 1589 1219 1664 δίκας
1246 1585 1283 1652 δὲ

136 1705 270 1777 πρῶτον
300 1691 429 1782 ήτηκὼς
458 1705 516 1780 τής
543 1693 714 1779 Ἀχιλλέως
747 1692 948 1778 ἀναιρέσεως
977 1696 1036 1759 τὸν
1069 1693 1106 1759 ἐν
1134 1699 1317 1778 Δελφοῖςό

131 1800 337 1885 Ἀπόλλωνα,
368 1802 469 1869 πάλιν
501 1803 652 1887 ἀπῆλθεν
685 1800 738 1867 ἐπὶ
770 1804 807 1867 τὸ
835 1805 1038 1887 χρηστήριον
1068 1804 1283 1886 μετανοήσας,

136 1910 191 1975 ἵνα
218 1911 278 1976 τὸν
304 1911 389 1976 θεὸν
416 1909 612 1995 ἐξιλάσηται.
667 1909 854 1993 ζηλοτύπως
890 1905 927 1973 δὲ
964 1911 1085 1993 ἔχουσα
1112 1909 1196 1991 πρὸς
1222 1909 1284 1991 τήν

133 2012 363 2103 Ἀνδρομάχην
386 2016 406 2101 ἡ
431 2015 560 2100 βασιλὶς
582 2016 778 2100 ἐβουλεύετο
801 2013 873 2081 κατ’
884 2015 985 2100 αὐτῆς
1002 2017 1164 2098 θάνατον,
1188 2040 1282 2101 μετα-

138 2124 334 2210 πεμψαμένη
358 2126 418 2191 τὸν
440 2123 634 2190 Μενέλαον·
658 2124 678 2208 ΙΙ
703 2121 740 2189 δὲ
762 2125 800 2188 τὸ
823 2125 960 2189 παιδίον
982 2120 1044 2208 μὲν
1067 2122 1282 2206 ὑπεξέθηκεν,

137 2230 219 2315 αὐτή
253 2229 291 2297 δέ
323 2231 508 2316 κατέφυγεν
539 2230 592 2297 ἐπὶ
621 2233 658 2296 τὸ
691 2231 782 2314 ἱερὸν
809 2240 867 2314 τής
891 2230 1037 2308 Θέτιδος.
1083 2231 1118 2295 ολ
1143 2227 1179 2295 δὲ
1207 2229 1282 2314 περὶ
1304 2247 1337 2294 10

137 2338 197 2402 τὸν
226 2337 404 2404 Μενέλαον
431 2337 487 2405 καὶ
513 2339 550 2404 τὸ
577 2340 714 2404 παιδίον
742 2337 886 2419 ἀνεῦρον
916 2336 972 2402 καὶ
1002 2337 1132 2420 ἐκείνην
1163 2337 1282 2422 ἀπατή-

137 2462 254 2523 σαντες
277 2445 466 2531 ἀνήγειραν.
511 2443 566 2512 καὶ
595 2446 752 2530 σφάττειν
775 2443 950 2530 μέλλοντες
972 2443 1181 2529 ἀμφοτέρους
1204 2446 1282 2511 ἐκω-

137 2552 292 2635 λύθησαν
316 2551 454 2637 Πηλέως
481 2551 710 2637 ἐπιφανέντος.
756 2551 929 2629 Μενέλαος
956 2549 1017 2637 μὲν
1046 2547 1108 2617 οὖν
1132 2551 1283 2636 ἀπῆλθεν

137 2660 185 2735 εἰς
208 2659 381 2743 Σπάρτην,
404 2658 561 2747 Ἑρμιόνη
586 2658 622 2726 δὲ
646 2663 845 2745 μετενόησεν
869 2660 1093 2743 εύλαβηθεῖσα
1116 2660 1178 2742 τήν
1200 2683 1283 2744 παρ·

140 2769 259 2830 ουσιάν
296 2777 357 2832 τοῦ
394 2766 640 2853 Νεοπτολέμου.
699 2771 967 2851 παραγενόμενος
1005 2763 1041 2832 δὲ
1078 2768 1096 2834 ό
1129 2765 1283 2851 Ὀρέστης
1304 2783 1336 2829 ιο

138 2873 263 2956 ταύτην
286 2870 348 2958 μὲν
371 2873 542 2959 ἀπήγαγεν
564 2878 694 2958 πείσας,
720 2874 941 2963 Νεοπτολέμῳ
966 2872 1002 2939 δὲ
1026 2874 1283 2958 ἐπεβούλευσεν·

138 2979 178 3044 ὃν
199 2979 255 3045 καὶ
278 2981 490 3064 φονευθέντα
514 2992 667 3066 παρῆσαν
690 2984 726 3047 οῖ
746 2981 915 3065 φέροντες.
948 2986 1057 3065 Πηλεῖ
1074 2980 1110 3046 δέ
1129 2981 1283 3066 μέλλοντι

137 3088 196 3151 τὸν
222 3089 343 3171 νεκρὸν
370 3096 512 3174 θρηνεῖν
541 3089 636 3166 Θέτις
663 3088 861 3174 ἐπιφανεῖσα
891 3098 1011 3154 τοῦτον
1042 3086 1102 3173 μὲν
1132 3089 1284 3170 ἐπέταξεν

139 3193 175 3257 ἐν
193 3198 341 3278 Δελφοῖς
364 3197 487 3278 θάψαι,
512 3199 572 3280 τήν
597 3192 633 3261 δέ
654 3195 883 3280 Ἀνδρομάχην
907 3198 954 3272 εός
978 3199 1180 3274 Μολοσσοὺς
1203 3196 1282 3262 άπο-

226 3408 429 3478 Argumentum
448 3413 477 3463 et
494 3425 676 3479 personarum
700 3407 821 3462 indicem
845 3408 910 3462 add.
929 3414 995 3460 m.‘2
1016 3407 1045 3460 in
1065 3409 1091 3461 L
1197 3407 1245 3461 lin.
1269 3415 1281 3461 1

139 3485 272 3551 ὑπόθεσις
290 3487 436 3557 εύριπίδου
455 3489 635 3560 ἀνδρομάγης
653 3509 679 3558 ει,
699 3486 846 3556 εὐριπόδου
864 3487 1044 3558 ἀνδρομάχης
1061 3485 1200 3550 ὑπόθεσις
1221 3490 1248 3541 Ρ

140 3573 206 3640 ῖτή
225 3587 278 3624 om.
300 3570 327 3622 P
345 3570 349 3640 Ι
369 3569 420 3638 τήν
438 3587 492 3624 om.
511 3572 572 3625 LP
642 3570 728 3639 θτήν
746 3578 795 3623 τοῦ
814 3570 842 3622 Β
863 3572 867 3638 Ι
892 3571 957 3639 post
975 3570 1061 3638 αὐτῆς
1080 3568 1145 3621 add.
1165 3569 1215 3623 τὸν
1234 3589 1283 3638 μο-

136 3649 231 3705 λοττὸν
251 3649 279 3702 Ρ
349 3648 416 3704 4δὲ
436 3667 489 3704 om.
509 3652 568 3705 BL
587 3651 661 3719 (add.
681 3668 718 3703 m.
734 3652 760 3717 3)
791 3651 794 3717 Ι
826 3646 944 3718 ἐπέγημε
964 3649 1004 3713 Β,
1024 3648 1124 3717 ἔγημεν
1144 3650 1198 3718 ΡΙ
1229 3651 1283 3719 τήν

139 3727 271 3798 ἑρμιόνην
290 3729 350 3782 BL
375 3732 379 3797 Ι
404 3727 521 3798 μενέλεω
540 3733 567 3784 Β
641 3728 783 3803 όῄτηνὼς
801 3730 850 3783 τὸν
869 3729 900 3783 ἐν
919 3731 1033 3798 δελφοῖς
1051 3727 1200 3783 ἀπόλλωνα
1219 3733 1283 3798 περὶ

138 3815 186 3876 τής
203 3805 334 3877 ἀχιλλέως
352 3807 520 3876 ἀναιρέσεως
539 3829 556 3864 a
586 3814 590 3878 Ι
619 3807 720 3882 ήτικὼς
740 3811 767 3863 Ρ
798 3828 905 3879 comp
935 3812 939 3876 Ι
968 3807 1082 3879 ἀχιλέως
1102 3811 1129 3863 Β
1154 3815 1158 3878 Ι
1187 3810 1285 3879 ἀνερέ-

140 3889 247 3951 τεωςΡ
318 3895 383 3957 7sq.
404 3889 421 3958 ἡ
440 3891 548 3961 βασιλὶς
565 3891 636 3958 πρὸς
654 3891 705 3959 τήν
724 3889 907 3960 άνδρομάχην
927 3891 956 3943 Ε
1028 3890 1192 3961 ὃέβούλετο
1212 3892 1284 3946 κατὰ

139 3968 240 4038 ταύτης
259 3970 287 4022 P
358 3976 389 4022 11
410 3972 531 4038 ἀνεῦρον
550 3972 647 4026 καὶτὸ
666 3968 783 4025 παιδίον
803 3972 833 4025 Ε
852 3976 855 4041 Ι
877 3972 925 4024 καὶ
945 3975 1010 4024 ante
1030 3971 1061 4025 τό
1081 3989 1134 4026 om.
1154 3973 1181 4024 Β
1203 3973 1206 4041 Ι
1230 3972 1283 4027 ἀπ-

139 4049 308 4116 αντήσαντες
327 4051 355 4103 Β
403 4056 434 4103 12
454 4051 608 4120 ἀνήγειρεν
627 4053 661 4120 L,
684 4052 798 4122 ἤγειραν
818 4053 970 4106 ΑΒΕαΡ
1013 4058 1045 4104 13
1065 4061 1114 4106 τοῦ
1133 4051 1240 4121 πηλέως
1259 4055 1287 4106 Ρ

177 4136 208 4183 15
227 4128 443 4199 περιγενόμενος
462 4150 479 4184 ιι
513 4135 517 4201 Ι
552 4131 639 4187 dom.
659 4134 711 4185 aP
797 4140 829 4187 16
849 4131 977 4201 ἀπήγαγε
998 4133 1025 4185 Β
1049 4136 1077 4185 et
1095 4136 1163 4186 mut.
1185 4132 1214 4186 in
1234 4133 1283 4187 ἀν-

138 4207 224 4280 ήγαγε
243 4210 285 4279 Ε,
317 4210 460 4281 ἀνήγαγεν
480 4212 546 4281 ΑΡ,
569 4211 694 4281 ἀνήγαγε
713 4215 762 4267 aL
797 4218 801 4283 Ι
835 4211 944 4284 πείσας]
965 4212 1004 4275 εἰς
1023 4212 1149 4281 σπάρτηυ
1169 4214 1222 4283 ΡΙ
1253 4213 1284 4267 δέ

140 4304 192 4343 om.
211 4290 240 4343 Β
332 4295 364 4343 17
384 4288 430 4363 ὃν]
450 4290 477 4344 οἳ
496 4293 554 4356 Aa,
574 4291 601 4346 οἱ
621 4293 648 4345 Β
667 4291 711 4359 (ὃν
732 4295 757 4352 b)
840 4299 872 4347 19
896 4292 995 4361 θάψαι
1015 4309 1099 4361 supra
1118 4291 1213 4360 μένειν
1232 4311 1283 4346 scr.

140 4370 167 4422 Β
183 4371 187 4439 Ι
202 4369 376 4442 ἀποστεῖλαι]
397 4371 532 4438 Lamentis,
551 4369 710 4427 ἀπέστειλεν
730 4372 773 4426 vel
792 4371 933 4427 ἀπέστειλε
952 4372 1018 4426 libri

1091 4463 1125 4514 11
