3008 4944
566 305 733 354 ΟΡΕΣΤΗΣ

219 476 283 532 νῦν
307 463 337 531 δ’
360 465 394 541 ές
414 466 473 530 τὸν
497 465 599 529 αὐτὸν
623 459 754 547 δαίμον’
775 456 859 546 ἦλθε
883 460 1008 547 μητέρι.

220 574 324 657 κακὴν
347 574 410 655 γὰρ
434 572 539 655 αὐτὴν
562 571 698 646 ἐνδίκως
721 569 920 653 ἡγούμενος,

220 681 319 756 αὐτὸς
342 681 466 745 κακίων
489 677 618 760 ἐγένετο
642 674 765 761 μητέρα
787 677 927 742 κτανών.

221 785 379 871 ἐρήσομαι
403 784 455 868 δέ,
478 785 669 867 Μενέλεως,
693 785 831 850 τοσόνδε
855 801 904 848 σε·

221 894 252 957 εί
271 885 362 958 τόνδ’
384 891 608 958 ἀποκτείνειεν
631 892 828 975 ὁμόλεκτρος
850 892 952 973 γυνη,

220 999 267 1083 χὼ
289 1000 388 1065 τοῦδε
410 1011 488 1077 παῖς
511 994 554 1063 αὖ
577 993 687 1082 μητέρ’
709 998 958 1080 ἀνταποκτενεῖ,

221 1104 351 1171 κᾶπειθ’
375 1106 393 1172 ὁ
415 1110 530 1173 κείνου
553 1109 733 1190 γενόμενος
755 1108 850 1191 φόνῳ
875 1107 983 1188 φόνον

223 1214 330 1296 λύσει,
353 1213 454 1298 πέρας
478 1215 519 1298 δὴ
543 1224 603 1278 ποῖ
622 1223 733 1278 κακῶν
755 1215 973 1296 προβήσεται;

221 1325 328 1397 καλῶς
351 1323 469 1386 ἔθεντο
492 1329 593 1386 ταῦτα
616 1318 753 1401 πατέρες
776 1319 811 1383 οί
831 1319 947 1383 πάλαι·

222 1426 256 1504 ἐς
278 1426 434 1511 ὀμμάτων
457 1424 517 1511 μὲν
541 1429 621 1505 δψιν
644 1426 705 1493 ούκ
728 1432 807 1491 είαν
830 1434 933 1507 περᾶν

222 1532 294 1599 οὐδ’
318 1535 365 1611 είς
387 1529 565 1618 ἀπάντημ’,
589 1535 679 1610 ὅστις
702 1525 769 1618 αἷμ’
794 1536 878 1617 ἔχων
901 1544 1015 1616 κυροῖ,

223 1651 362 1724 φυγαῖσι
387 1639 417 1707 δ’
439 1642 571 1724 ὁσιοῦν,
595 1641 863 1706 ἀνταποκτείνειν
887 1635 923 1704 δέ
947 1644 999 1724 μη.

223 1744 286 1812 αίεὶ
309 1750 372 1833 γὰρ
395 1741 442 1826 είς
465 1745 572 1833 ἔμελλ’
595 1748 767 1828 ἐνέξεσθαι
790 1750 901 1835 φόνῳ,

220 1855 258 1919 τὸ
282 1858 438 1921 λοίσθιον
460 1859 585 1939 μίασμα
608 1856 787 1939 λαμβάνων
811 1856 913 1938 χερός.

221 1959 284 2043 ἐγὼ
309 1958 346 2026 δέ
369 1973 454 2045 μισῶ
478 1957 539 2045 μέν
562 1973 720 2045 γυναῖκας
743 1960 915 2043 ἀνοσίους,

222 2069 355 2151 πρώτην
379 2063 415 2133 δέ
438 2065 611 2150 θυγατέρ’,
635 2069 656 2151 ἣ
679 2070 780 2132 πόσιν
803 2066 1013 2132 κατέκτανεν·

217 2171 355 2258 Ἑλένην
377 2198 427 2257 τε,
451 2178 512 2259 τὴν
536 2176 599 2258 σὴν
622 2176 761 2259 ἄλοχον,
785 2170 900 2239 οὔποτ’
922 2173 1042 2240 αίνέσω

223 2277 294 2346 οὐδ’
318 2280 360 2345 ἀν
383 2278 608 2365 προσείποιμ’·
632 2278 711 2346 οὐδὲ
735 2278 771 2346 σὲ
796 2284 894 2365 ζηλῶ,
918 2291 1018 2366 κακῆς

221 2390 378 2470 γυναικὸς
401 2387 532 2453 ἐλθόνθ
565 2385 664 2454 εἵνεκ’
688 2387 721 2465 ἐς
748 2390 868 2470 Τροίας
891 2386 1002 2453 πέδον.

221 2493 337 2577 ἀμυνῶ
362 2491 407 2578 δ’,
430 2495 573 2578 ὅσονπερ
597 2497 738 2571 δυνατός
761 2496 843 2578 είμι,
866 2503 912 2581 τῷ
936 2498 1042 2584 νόμῳ,

221 2602 257 2665 τὸ
281 2603 448 2687 θηριῶδες
470 2610 569 2667 τοῦτο
592 2600 646 2667 καί
669 2604 851 2686 μιαιφόνον

222 2708 352 2792 παύων,
377 2708 395 2774 ὁ
418 2707 473 2774 καὶ
496 2718 560 2792 γῆν
583 2707 637 2774 καὶ
660 2711 772 2786 πόλεις
795 2703 909 2774 δλλυσ’
930 2708 988 2775 ἀεί.

222 2812 290 2880 ἐπεὶ
313 2814 378 2880 τίν’
400 2811 498 2899 εἶχες,
522 2811 548 2881 δι
571 2815 688 2900 τάλας,
710 2817 822 2900 ψυχὴν
844 2819 933 2898 τότε,

222 2918 269 2985 ὅτ’
293 2921 443 3006 ἐξέβαλλε
467 2923 593 3007 μαστὸν
616 2923 808 2988 ίκετεύουσύ
831 2940 868 2988 σε

222 3031 344 3113 μήτηρ;
368 3029 433 3112 ἐγὼ
456 3026 517 3113 μὲν
541 3030 603 3095 οὐκ
626 3031 709 3095 ίδδιν
731 3029 824 3095 τάκεῖ
844 3032 943 3112 κακοί,

223 3136 381 3217 δακρύοις
403 3134 531 3220 γέροντ’
549 3136 734 3219 ’ὀφθαλμὸν
758 3136 880 3222 έκτηκοι
904 3137 1011 3214 τάλας.

223 3243 260 3306 ’ἓν
284 3239 314 3306 δ’
337 3237 399 3307 οὖν
424 3247 553 3327 λόγοισι
575 3254 644 3319 τοῖς
668 3243 758 3327 ἐμοῖς
781 3244 979 3328 ὁμορροθεῖ·
1031 3308 1034 3309 ⁷
1181 3262 1232 3309 530

222 3359 300 3433 μισῇ
324 3373 362 3432 γε
384 3353 467 3434 πρὸς
489 3358 581 3415 θεῶν
604 3348 658 3414 καὶ
681 3353 782 3427 τίνεις
804 3353 927 3434 μητρὸς
951 3353 1057 3427 δίκας,

178 3557 230 3606 504
248 3553 331 3620 μητρί
350 3554 376 3607 L
395 3550 489 3622 μητέρι
509 3555 519 3607 l
600 3558 651 3606 506
670 3549 764 3621 γένετο
784 3553 820 3619 Β,
835 3550 941 3622 ’γένετο
960 3553 994 3620 G,
1013 3550 1115 3622 yemev
1128 3552 1233 3623 Reisig,

88 3628 183 3701 μητέρ’
205 3629 313 3701 ἐγένετο
333 3633 438 3687 Person
519 3639 569 3686 507
590 3635 630 3703 σε]
650 3653 679 3702 γε
700 3634 726 3686 L
749 3635 807 3686 τεί
879 3639 930 3686 509
949 3634 987 3702 χὼ
1006 3635 1047 3700 Α,
1070 3632 1102 3703 χδ
1122 3634 1163 3686 Α’

88 3719 139 3765 511
160 3711 196 3781 δὴ
214 3721 253 3781 πῆ
273 3714 307 3780 L,
327 3711 358 3765 δὲ
379 3712 423 3781 (δὴ
442 3730 576 3782 εομοτεοτ.
594 3713 635 3779 α’)
655 3722 706 3766 ποῖ
723 3732 749 3780 a,
768 3712 799 3766 δὲ
818 3722 867 3766 ποῖ
885 3714 1011 3767 ABEG
1085 3719 1136 3767 514
1155 3719 1235 3780 κυρεῖ

88 3793 195 3846 fectum
214 3808 248 3846 ex
266 3802 349 3860 κυροῖ
366 3795 398 3846 ut
416 3792 528 3847 videtur
546 3793 574 3846 in
594 3794 655 3847 ΕΒ
709 3799 761 3846 515
781 3791 875 3846 ὁσιοῦν
896 3795 931 3858 Δ,
950 3791 1052 3848 ὡσίουν
1071 3800 1092 3846 ,1
1100 3794 1118 3860 ²,
1138 3791 1234 3849 ὁσίονν

89 3874 125 3939 Β,
147 3869 250 3927 ὡσίουν
269 3874 308 3927 ba
326 3873 386 3939 (sed
405 3874 426 3926 ὡ
446 3891 496 3926 scr.
516 3873 557 3942 ολ)
577 3873 633 3927 Es
656 3875 659 3943 Ι
684 3874 903 3927 ἀνταποκτεῖναι
922 3875 983 3928 BG
1074 3880 1124 3927 516
1145 3871 1231 3943 ἔμελλ’

88 3949 236 4017 ἐνέξεσθαι
255 3955 296 4021 Β,
316 3951 425 4021 ἔμελλεν
444 3952 556 4018 ἕξεσθαι
576 3953 661 4008 ceteri
678 3956 681 4023 Ι
698 3951 777 4025 φόνῳ
796 3954 880 4020 AaS,
899 3953 990 4022 φόνον
1009 3955 1079 4020 BE,
1098 3973 1132 4008 ου
1152 3971 1234 4024 ευμεν

88 4032 164 4102 (net
186 4041 282 4102 γενική
306 4050 390 4101 super
409 4031 522 4098 ἕξεσθαι
541 4052 591 4087 scr.
612 4033 644 4087 α’
733 4039 784 4087 517
805 4043 899 4104 χεροῖν
918 4034 972 4087 BS
996 4061 998 4065 ’
1061 4040 1112 4087 519
1131 4032 1148 4102 ἢ
1169 4038 1233 4103 Aa,

88 4112 105 4180 ἣ
124 4112 166 4166 Α’
182 4115 186 4180 Ι
202 4111 377 4168 κατέκτεινεν
396 4114 466 4181 ΑΒ,
485 4114 559 4167 unde
578 4112 752 4169 κατέκτεινεν
772 4111 855 4169 πόσιν
869 4114 1013 4167 Hermann
1065 4119 1118 4166 520
1137 4111 1234 4182 έλένην

88 4191 119 4246 δὲ
138 4193 166 4246 L
238 4199 289 4246 522
310 4190 421 4248 ἐλθόντ’
444 4192 536 4248 οὕνεκ’
555 4198 590 4262 A,
610 4192 704 4249 οὕνεκ’
724 4192 835 4249 ἐλθόντ’
852 4196 887 4261 L,
908 4191 1001 4248 οὕνεκ’
1024 4193 1109 4247 etiem
1129 4193 1230 4263 ceteri(

88 4272 117 4335 ἐς
139 4272 187 4326 hic
210 4272 239 4325 in
260 4273 323 4327 BE
412 4278 463 4326 523
483 4274 579 4342 ἀμύνω
601 4275 650 4329 OS
738 4281 789 4328 525
810 4272 867 4341 ἀεί,
893 4293 915 4329 ει
941 4291 973 4328 ex
997 4294 1007 4326 ι
1027 4272 1116 4339 facto,
1136 4276 1164 4329 Α

89 4358 139 4406 527
160 4350 269 4423 ἐξέβαλε
288 4355 316 4408 L
377 4359 429 4406 530
449 4351 478 4407 δ’
496 4372 548 4408 om.
569 4354 644 4422 libri,
663 4355 728 4409 edd.
743 4355 886 4409 Hermann
951 4359 1001 4407 531
1022 4371 1052 4422 γε
1071 4369 1125 4407 om.
1146 4354 1181 4423 θ,
1199 4355 1233 4409 σὺ

91 4432 206 4487 exhibet
223 4433 361 4488 recentior
379 4432 459 4500 liber,
478 4453 506 4488 τε
525 4436 629 4488 Poreon
