3014 4928
427 296 550 348 rnnon
568 296 632 348 mu
650 297 736 347 mon
754 296 960 348 eremmon
1224 296 1267 361 97

113 462 173 526 διὸ
202 467 366 524 τοσοῦτον
389 457 493 522 αὐτὸν
521 460 661 540 ἔβλαπτε
688 466 787 522 τοῦτο
815 457 897 523 ὅσον
923 456 1045 542 ὠφέλει
1072 460 1130 525 τὸν
1153 463 1266 542 Σοφο-

117 564 205 634 κλέα.
243 563 410 631 ἐπέκειντο
434 560 470 629 δὲ
494 561 549 628 καί
571 563 606 629 οἰ
621 561 761 647 κωμικοὶ
780 567 901 651 φθόνῳ
921 564 1024 630 αὐτὸν
1044 564 1267 648 διασύροντες.

116 674 289 758 ὑπεριδὼν
317 669 354 737 δὲ
385 670 493 736 πάντα
527 672 575 747 εἰς
601 672 820 736 Μακεδονίαν
848 670 952 754 ἀπῆρε
984 675 1068 754 πρὸς
1091 669 1268 756 Ἀρχέλαον

117 782 179 846 τὸν
211 776 347 863 βασιλέα
379 776 554 842 κάνταῦθα
587 778 780 861 ὀψιαίτερον
807 776 964 843 ἀναλύων
990 778 1056 844 ὑπὸ
1086 783 1268 861 βασιλικῶν
1287 800 1320 849 66

118 888 253 970 ἐφθάρη
273 895 394 951 κυνῶν.
430 884 551 968 ἤρξατο
571 880 608 949 δὲ
632 884 804 949 διδάσκειν
821 887 903 950 κατά
920 886 982 968 τὴν
1000 881 1055 950 πά
1079 885 1267 970 ὀλυμπιάδα

119 992 173 1060 ἐπὶ
196 995 358 1077 ἀρχοντος
380 995 541 1056 Καλλίου.
587 990 751 1074 πλάσματι
776 987 812 1056 δέ
835 989 925 1078 μέσᾳ)
949 993 1155 1077 χρησάμενος
1176 1017 1266 1077 περι·
1336 990 1340 996 ’

119 1100 238 1184 γέγονε
261 1109 301 1185 τῇ
325 1097 482 1184 ἑρμηνείᾳ
505 1098 614 1181 ἀκρως
637 1100 684 1174 εἰς
704 1097 895 1181 ἀμφότερον
914 1101 1084 1183 χρώμενος
1105 1111 1177 1177 ταῖς
1193 1101 1267 1181 -ίπι-

121 1209 296 1293 χειρήσεσι.
333 1203 389 1271 καὶ
407 1215 478 1280 τοῖς
499 1206 632 1288 μέλεσίν
652 1204 742 1269 ἐστιν
761 1204 921 1288 ἀμίμητος
939 1210 1269 1291 παραγκωνιζόμενος

118 1318 199 1391 τοὺς
221 1315 419 1398 μελοποιοὺς
443 1311 563 1395 σχεδὸν
581 1312 717 1394 πάντας,
740 1310 777 1375 έν
796 1308 833 1376 δὲ
856 1323 927 1388 τοῖς
950 1312 1138 1396 ἀμοιβαίοις
1155 1332 1267 1398 περισ-
1287 1315 1321 1381 60

118 1423 178 1497 σὸς
200 1418 255 1485 καί
278 1420 436 1503 φορτικὸς
457 1415 513 1483 καί
536 1417 572 1483 ἐν
595 1428 665 1495 τοῖς
687 1420 866 1501 προλόγοις
889 1414 926 1483 δέ
950 1418 1105 1504 ὀχληρός,
1136 1421 1268 1504 ῥητορι-

118 1530 264 1602 κάτατος
286 1524 323 1591 δὲ
347 1534 386 1611 τῇ
410 1532 596 1609 κατασκευῇ
619 1519 673 1589 καί
695 1526 847 1601 ποικίλος
868 1533 908 1609 τῇ
932 1526 1053 1609 φράσει
1076 1524 1131 1592 καὶ
1154 1528 1268 1605 ίκανὸς
1318 1593 1319 1596 ,

119 1632 344 1700 ἀνασκευάσαι
371 1633 413 1697 τά
440 1629 605 1715 εἰρημένα.
651 1632 691 1695 τά
711 1631 825 1695 ’πάντα
853 1628 891 1697 δὲ
917 1628 961 1716 ἦν
984 1633 1089 1698 αὐτοῦ
1118 1635 1267 1718 δράματα

118 1738 186 1824 (ιβ’,
214 1737 349 1828 σῴζεται
379 1735 416 1804 δὲ
443 1736 548 1804 αὐτοῦ
577 1737 726 1822 δράματα
750 1734 796 1816 ξζ’
820 1736 875 1803 καί
902 1736 936 1822 γ’
960 1740 1043 1822 πρὸς
1067 1740 1200 1817 ,τούτοις
1228 1742 1268 1806 τά

119 1847 372 1930 ἀντιλεγόμενα,
400 1847 560 1928 σατυρικὰ
584 1841 621 1910 δὲ
643 1843 683 1927 η’,
713 1843 917 1929 ἀντιλέγεται
940 1843 978 1911 δὲ
1001 1844 1207 1912 καὶτούτων
1228 1848 1267 1912 τὸ
1287 1866 1321 1914 65

119 1952 158 2020 α’.
199 1955 294 2030 νίκας
317 1949 353 2017 δὲ
377 1954 450 2035 ἔσχε
475 1948 523 2031 ε’.]

208 2059 291 2144 φασὶ
311 2056 348 2124 δὲ
366 2058 421 2125 καλ
440 2064 697 2143 κεραυνωθῆναι
712 2058 882 2143 ἀμφότερα
896 2071 1048 2144 μνημεῖα.
1079 2059 1217 2144 λέγουσι
1232 2059 1268 2127 δὲ

118 2165 174 2233 καὶ
198 2164 377 2251 Σοφοκλέα
405 2166 592 2232 ἀκούσαντα
618 2165 669 2230 ότι
693 2164 915 2249 ἐτελεύτησεν,
939 2166 1042 2233 αὐτὸν
1065 2164 1127 2251 μὲν
1151 2167 1268 2255 ίματίῳ

119 2283 208 2363 φαιῷ
227 2278 419 2357 προελθεῖν,
441 2274 501 2338 τὸν
521 2268 557 2337 δὲ
582 2273 685 2355 χορὸν
707 2271 761 2337 καὶ
784 2275 863 2349 τοὺς
881 2273 1060 2353 ὑποκριτὰς
1078 2274 1268 2357 ἀστεφανώ-

119 2406 198 2458 τους
216 2382 406 2464 εἰσαγαγεῖν
425 2379 462 2444 έν
480 2388 525 2465 τῷ
549 2390 720 2462 προαγῶνι
741 2378 795 2444 καὶ
818 2379 980 2462 δακρῦσαι
1003 2382 1063 2446 τὸν
1087 2383 1203 2464 δῆμον.
1288 2400 1321 2448 70

208 2487 397 2570 ἐτελεύτησε
431 2482 468 2551 δὲ
499 2488 559 2552 τὸν
590 2488 716 2569 τρόπον
748 2495 876 2552 τοῦτον.
929 2485 966 2551 ἐν
999 2496 1038 2571 τῇ
1070 2488 1268 2575 Μακεδονίᾳ

119 2597 212 2681 κώμη
241 2591 310 2660 ἐστὶ
338 2589 524 2675 καλουμένη
550 2595 691 2677 Θρᾳκῶν
716 2592 771 2657 διά
798 2595 836 2657 τό
862 2615 942 2657 ποτε
970 2592 1194 2681 κατῳκηκέναι
1218 2592 1268 2660 έν-

119 2708 228 2767 ταῦθα
245 2705 386 2788 Θρᾷκας.
419 2699 456 2764 ἐν
474 2700 576 2784 ταύτη
596 2693 674 2764 ποτὲ
693 2707 755 2763 τοῦ
769 2698 948 2784 Ἀρχελάου
966 2702 1158 2785 Μολοττικη
1177 2703 1268 2767 κύων

120 2803 226 2891 ἦλθεν
253 2807 538 2890 ἀποπλανηθεῖσα.
582 2805 707 2890 ταύτην
731 2806 875 2899 Θρᾷκες,
906 2806 951 2883 ὡς
978 2809 1072 2888 ἔθος,
1103 2809 1268 2886 θύσαντες

209 3069 242 3117 62
271 3063 417 3134 τοσοῦτον]
445 3061 562 3128 Nauck,
589 3069 690 3116 τοῦτον
716 3064 743 3117 Β
771 3064 864 3131 (τοῦτο
892 3062 979 3117 αὐτὸν
1008 3063 1124 3134 ἔβλαπτε
1152 3073 1268 3119 τοσοῦτο

120 3142 281 3211 Kirchhoff)
349 3149 383 3198 63
398 3143 446 3197 καλ
466 3141 494 3196 ολ
512 3142 630 3211 κωμικοὶ
649 3140 764 3214 φθόνῳ]
778 3140 933 3215 Κίτολιίτοίἰ,
953 3141 980 3196 οἱ
993 3144 1111 3211 κωμικοὶ
1124 3144 1173 3197 καλ
1188 3144 1267 3213 φόνοι

118 3226 146 3280 Β
215 3229 250 3278 54
268 3222 378 3285 πάντας
391 3221 539 3276 Kirehhoff
552 3227 556 3289 Ι
573 3219 770 3293 Μακεδονίαν]
784 3220 938 3290 Kirchhoff,
957 3219 1101 3291 μακεδόνα
1116 3225 1152 3290 Β,
1171 3227 1268 3280 Μακε-

119 3303 207 3366 δόνας
225 3302 327 3356 Nauck
399 3308 433 3357 66
452 3302 594 3373 ἀναλύων]
614 3301 677 3356 fort.
697 3301 790 3356 ἀλύων
863 3307 896 3357 66
915 3319 956 3356 πα
975 3319 1009 3356 ex
1027 3300 1076 3358 lin.
1092 3309 1135 3370 36,
1154 3303 1201 3357 κδ’
1218 3306 1265 3376 B!

173 3389 206 3439 5⁷
226 3381 310 3455 μέσᾳ]
329 3381 467 3451 Mainake,
486 3381 570 3452 μέσον
589 3383 616 3436 Β
707 3387 740 3436 68
759 3389 793 3452 τη
812 3379 944 3456 ἑρμηνείᾳ
962 3382 1101 3451 Mainake,
1120 3391 1169 3453 τῆς
1187 3383 1268 3455 ἑρμη-

119 3461 197 3526 νείας
215 3466 243 3519 Β
317 3467 422 3516 60-63
442 3463 473 3518 ἐν
488 3506 494 3517 .
511 3505 516 3516 .
532 3459 676 3535 εἰρημένα]
696 3461 744 3516 cfr.
764 3461 866 3517 ultima
883 3461 970 3517 verba
989 3478 1084 3536 eanum
1103 3480 1176 3532 quae
1195 3465 1269 3519 infra

119 3544 157 3598 ad
176 3543 224 3598 lin.
241 3547 291 3597 111
311 3543 364 3597 nub
382 3545 462 3597 textu
481 3558 514 3597 ex
532 3543 558 3597 G
577 3542 666 3596 allata
684 3545 750 3596 eunt
823 3548 856 3597 60
872 3539 1029 3614 ἀμειβαίοις
1043 3545 1071 3597 Β
1143 3549 1177 3600 66
1193 3545 1269 3599 ἀντι-

118 3623 239 3695 λέγεται]
259 3621 418 3690 Kn'rchhoff,
441 3622 578 3692 ἀντιλέγει
596 3624 623 3677 Β
705 3629 738 3676 66
759 3623 819 3693 ἔσχε
837 3623 871 3695 ε’]
891 3622 1048 3690 Kirehhoff,
1075 3624 1131 3695 ἔχει
1152 3622 1184 3679 ἰέ
1205 3626 1232 3679 Β

119 3710 152 3758 67
167 3720 272 3758 novum
290 3702 407 3756 titulum
425 3703 488 3772 περὶ
507 3711 556 3773 της
573 3705 700 3773 τελευτῆς
718 3700 865 3771 εὐριπίδου
883 3703 1030 3773 praemisit
1044 3705 1071 3758 Β
1090 3705 1121 3758 in
1134 3722 1189 3773 quo
1204 3707 1269 3775 poet

119 3782 175 3854 ἔχει
194 3782 226 3838 λε’
247 3784 444 3852 argumentum
457 3782 591 3838 Hecubae
609 3782 747 3838 insertum
765 3785 808 3838 est
880 3784 1107 3839 67-‘10habent
1122 3785 1195 3853 BD,
1213 3802 1268 3841 om.

119 3864 214 3918 EFG
304 3869 338 3917 67
357 3864 406 3917 καί
429 3862 506 3918 delet
524 3862 625 3917 Nauck
644 3864 649 3936 Ι
669 3882 796 3931 κεραννοο
815 3865 843 3918 Β
929 3869 963 3919 69
983 3870 1061 3939 φυτῷ
1080 3868 1109 3919 εἰ
1131 3865 1161 3918 in
1178 3883 1268 3935 marg.

117 3941 180 4010 ἤτοι
198 3948 336 4015 πορφυρῷ
353 3947 386 4012 Β,
406 3948 482 4016 φαιῷ
500 3942 562 4011 ἤτοι
580 3953 716 4013 πορφυρῶ
731 3946 769 4013 D,
789 3949 866 4017 φαιῷ
880 3944 943 4013 ἢτοι
962 3945 1119 4019 ἀπορφύρᾳ
1133 3945 1176 4000 vel
1191 3951 1268 4020 φαιῷ

117 4024 183 4078 ἀντί
210 4033 360 4092 πορφυροῦ
388 4023 420 4079 G.
439 4024 583 4079 Hermann
680 4030 713 4078 70
736 4033 862 4093 πρυγῶνι
879 4027 921 4093 Β,
950 4026 1038 4096 ἀγῶνι
1065 4025 1215 4096 Rossignol

118 4108 226 4159 ’λλ-86
243 4104 352 4158 habent
366 4105 462 4160 BDG
481 4107 555 4175 (poet
573 4105 728 4160 ἀναθεῖναι
746 4103 795 4160 lin.
811 4108 873 4175 105)
889 4106 932 4175 Η,
954 4122 1008 4160 om.
1024 4107 1089 4161 EF
1150 4108 1268 4176 71φαολ

117 4182 150 4239 δί
175 4192 277 4240 τουτον
295 4188 454 4255 τελευτῆσαι
479 4184 528 4240 τὸν
545 4183 652 4252 τρόπον
670 4185 720 4239 τὸν
743 4183 892 4255 εύριπίδην
913 4187 938 4242 G
963 4188 967 4256 Ι
993 4188 1024 4241 δὲ
1049 4183 1269 4254 τοιοντοτρόπως

118 4264 152 4319 Η
165 4266 170 4333 Ι
185 4273 219 4335 τῇ
234 4280 287 4319 om.
299 4265 365 4319 GH
430 4270 463 4319 ’λλ
475 4265 608 4338 Θρᾳκῶν]
621 4265 718 4334 θράκη
730 4266 764 4333 θ,
781 4268 888 4340 Θρᾷκις
901 4266 1052 4337 Ronignol
1068 4273 1072 4334 Ι
1089 4266 1216 4321 ἐνταῦθα
1231 4267 1267 4333 Β,

117 4343 149 4399 ἰν
179 4344 266 4413 ταύτη
291 4346 334 4413 Ι),
362 4344 467 4400 αότόδι
487 4345 562 4411 GH,
586 4345 617 4400 ἐν
640 4346 711 4417 αὐτῇ
730 4345 863 4400 Weleker
960 4353 993 4401 73
1019 4347 1059 4408 εἰς
1083 4345 1187 4414 ταύτην
1215 4346 1264 4417 04

117 4425 290 4497 Μολοττικὴ]
309 4425 463 4496 αότόμολος
482 4426 516 4492 0,
540 4442 593 4479 om
614 4426 649 4480 H

172 4524 342 4576 Euripiden,
356 4525 452 4566 Rhama
1038 4520 1052 4569 7
