3052 4934
579 334 758 384 ΤΡΩΙΑΔΕΣ

232 496 274 576 ρά
297 493 408 578 χάρισι
431 495 519 578 παρὰ
543 495 627 572 Διὸς
649 499 790 582 θρόνοις

231 600 456 685 καλλιγάλανα
479 598 623 687 τρέφεις·

232 709 399 794 Πριάμοιο
423 706 460 774 δὲ
483 720 582 792 γαῖαν

226 811 343 893 Ἑλλάς
365 814 460 882 &aad
484 817 594 902 αἰχμά.

221 1010 329 1095 Ἔρως
343 1010 463 1097 Ἔρως,
488 1012 524 1089 ὃς
547 1015 587 1079 τά
609 1020 700 1100 Δαρ-
1016 1020 1142 1083 antisti.
1189 1037 1241 1084 840

231 1119 345 1213 δάνεια
368 1117 520 1204 μέλαθρά
543 1117 616 1186 ποτ’
638 1117 741 1206 ἦλθες

229 1225 440 1308 οὐρανίδαισι
463 1224 587 1312 μέλων,

229 1333 274 1410 ὡς
295 1336 368 1399 τότε
392 1331 453 1418 μὲν
476 1336 625 1418 μεγάλως

233 1443 357 1525 Τροίαν
380 1440 589 1528 ἐπύργωσας,
613 1451 746 1510 θεοῖσιν

228 1548 329 1631 κῆδος
351 1547 571 1633 ἀναψάμενος.
618 1553 654 1616 τὸ
678 1547 739 1637 μέν
762 1547 824 1618 οὖν
847 1556 931 1631 Διὸς
1039 1546 1041 1553 ’

228 1653 332 1721 οὐκέτ’
357 1657 488 1733 ὄνειδος
511 1655 589 1742 ἐρίν’

227 1764 265 1828 τὸ
288 1771 346 1839 τᾶς
369 1760 406 1828 δέ
430 1762 652 1849 λευκοπτέρου

228 1868 351 1957 ἁμέρας
373 1873 488 1954 φίλιον
511 1875 644 1959 βροτοῖς

227 1977 352 2062 φέγγος
374 1977 475 2043 ὀλοὸν
498 1974 565 2045 εἶδε
588 1984 697 2065 γαίας,

228 2081 296 2151 εἶδε
318 2085 496 2171 περγάμων
520 2088 664 2172 ὄλεθρον

227 2194 423 2259 τεκνοποιὸν
447 2196 568 2277 ἔχουσα
590 2196 690 2261 τᾶσδε

226 2310 286 2384 γᾶς
308 2302 409 2365 πόσιν
432 2299 469 2365 έν
491 2301 672 2385 θαλάμοις,

226 2408 265 2473 ὃν
288 2405 437 2493 ἀστέρων
459 2405 642 2493 τέθριππος
665 2412 738 2475 έλα-

226 2518 263 2598 βε
287 2515 428 2600 χρύσεος
450 2516 527 2599 ὄχος
550 2515 755 2603 ἀναρπάσας,

231 2621 348 2688 έλπίδα
371 2630 414 2709 γᾷ
437 2625 550 2710 πατρί,

228 2729 386 2814 μεγάλαν·
410 2729 450 2793 τά
473 2735 565 2795 θεῶν
589 2728 626 2796 δέ

225 2840 348 2922 φίλτρα
370 2838 504 2923 φροῦδα
531 2839 643 2925 Τροίᾳ.

557 3068 768 3122 ΜΕΝΕΛΑΟΣ.

225 3175 251 3244 ὦ
275 3173 493 3260 καλλιφεγγὲς
514 3175 612 3260 ἡλίου
635 3174 732 3254 σέλας
754 3180 846 3259 τόδε,
894 3155 901 3163 .

226 3285 263 3349 έν
286 3274 313 3372 ᾧ
338 3283 487 3368 δάμαρτα
510 3284 571 3367 τὴν
594 3282 677 3369 έμὴν
700 3286 900 3371 χειρώσομαι

224 3387 390 3478 [Ἑλένην
415 3390 433 3456 ὁ
456 3391 520 3474 γὰρ
545 3391 586 3474 δὴ
609 3392 716 3456 πολλά
738 3395 911 3477 μοχθήσας
934 3394 998 3477 ἐγὼ

223 3497 397 3575 Μενέλαός
420 3500 486 3583 είμι
510 3495 565 3562 καλ
588 3497 762 3584 στράτευμ’
783 3495 974 3583 Ἀχαιικόν].

223 3602 332 3688 ἦλθον
357 3602 393 3670 δὲ
420 3608 545 3687 Τροίαν
569 3605 629 3690 οὐχ
654 3606 735 3671 ὅσον
759 3608 901 3672 δοκοῦσί
920 3631 959 3692 με

179 3844 231 3891 840
255 3836 302 3908 τὰ]
326 3834 403 3902 παρὰ
422 3839 449 3891 Ρ
476 3838 481 3905 1
511 3834 686 3907 Δαρδάνεια]
711 3835 845 3902 Dindorf,
873 3836 1014 3903 δαρδάνια
1038 3836 1103 3891 libri
1185 3846 1236 3893 844

89 3919 226 3972 θεοῖσιθ
298 3923 349 3969 845
369 3916 462 3970 τδνΟ
532 3920 583 3968 846
603 3915 713 3978 ὄνειδος
732 3913 823 3970 οὐκέτ’
841 3920 869 3972 Ρ
939 3922 990 3971 847
1009 3920 1203 3974 τᾶσδεΒΝΡ

90 4006 142 4052 849
161 3996 256 4066 φίλιον
278 3999 308 4066 0,
327 3995 412 4065 φίλας
430 3999 458 4050 Ρ
529 4001 580 4048 850
600 3996 694 4068 ὀλοὸν]
714 3998 777 4051 fori.
798 3998 901 4066 άτηρδν
927 4001 931 4066 Ι
955 3995 1049 4070 γαίας]
1068 3999 1189 4070 Lenting
1208 4004 1237 4054 eb

89 4078 193 4145 Bothe,
221 4087 306 4147 γαῖαν
333 4077 412 4145 libri,
440 4077 490 4130 cfr.
518 4075 604 4129 schol.
633 4076 650 4144 ἡ
675 4075 779 4145 Ἡμέρα
807 4081 929 4145 περιεῖδε
956 4078 1006 4133 τδν
1032 4078 1114 4134 ὀλοὸν
1136 4088 1236 4135 τοῦτον

90 4159 209 4226 ὄλεθρον
228 4159 278 4212 τὸν
296 4157 368 4211 κατὰ
387 4157 491 4226 ταύτην
510 4156 561 4226 τὴν
580 4165 632 4226 γῆν
652 4155 808 4225 ἐπηρμένον
826 4160 873 4213 καλ
892 4159 941 4214 τὸν
962 4168 1018 4213 τῶν
1038 4159 1191 4230 Περγάμων

89 4244 141 4292 853
160 4238 227 4292 τάδε
248 4240 270 4292 C
327 4244 380 4292 854
397 4237 569 4306 θαλάμοισιν
588 4240 616 4292 Ρ
672 4243 724 4290 857
743 4236 848 4313 πατρίᾳ
866 4243 900 4308 Ρ,
919 4237 1034 4306 πατρίδι
1055 4241 1078 4294 0
1132 4247 1234 4309 862sq.

90 4318 195 4372 delevit
216 4318 398 4385 Herwerden‚
427 4319 476 4373 cfr.
500 4323 551 4371 869
564 4336 604 4386 aq.
628 4321 658 4371 el
681 4317 766 4372 schol.
790 4321 921 4387 περισσὸν
944 4320 975 4374 τὸ
999 4317 1144 4383 Μενέλαός
1167 4321 1233 4388 εἰμι·

89 4399 226 4467 αὔταρκες
249 4399 302 4469 γὰρ
323 4399 354 4453 τδ
374 4398 503 4467 δάμαρτα
520 4398 573 4468 τὴν
592 4398 660 4467 ἐμὴν
678 4400 844 4469 χειρώσομαι
934 4405 985 4454 863
1005 4397 1123 4471 άχαίκόν
1142 4400 1207 4454 libri
1229 4402 1232 4468 1

89 4483 154 4551 post
173 4486 225 4534 863
245 4479 375 4534 lacunam
394 4479 495 4534 statuit
514 4479 619 4534 Parnon
