3052 4934
446 1050 460 1055 “
564 1039 760 1124 Ὑπόθεοις
781 1038 920 1135 Ῥήσου.

254 1253 381 1338 Ἕκτωρ
404 1265 475 1331 τοῖς
489 1251 648 1336 Ἕλλησιν
667 1252 842 1318 ἐπικοιτῶν
861 1251 1005 1329 ἀκούσας
1028 1252 1150 1329 αὐτοὺς
1174 1248 1219 1316 δι’
1242 1252 1322 1335 ὅλης

179 1363 290 1446 δείλης
317 1363 406 1444 πυρά
434 1364 556 1440 καίειν,
589 1359 760 1442 εὐλαβηθη
788 1361 832 1443 μὴ
861 1360 1023 1443 φύγωσιν.
1070 1359 1250 1438 ἐξοπλίζειν
1284 1356 1321 1423 δέ

176 1469 363 1550 διεγνωκὼς
381 1469 438 1544 τάς
457 1467 615 1551 δυνάμεις
634 1467 832 1548 μετενόησεν
852 1467 990 1531 Αἰνείου
1010 1467 1321 1550 συμβουλεύσαντος

175 1576 360 1660 ἡσυχάζειν,
384 1574 595 1639 κατάσκοπον
613 1568 651 1637 δέ
669 1570 843 1656 πέμψαντα
862 1569 905 1636 δι’
929 1573 1058 1639 ἐκείνου
1076 1575 1137 1657 τὴν
1156 1573 1320 1657 ἀλήθειαν
1358 1588 1374 1634 ο

176 1674 378 1766 ἱστορῆσαι.ν
403 1683 548 1746 Δόλωνα
580 1675 617 1743 δέ
648 1682 732 1760 πρὸς
763 1682 825 1764 τὴν
854 1684 970 1764 χρείαν
1001 1681 1238 1746 ὑπακούσαντα
1270 1680 1286 1745 έ
1308 1721 1320 1729 -

174 1788 363 1874 πέμπεσθαι
387 1836 491 1853 ......
510 1789 613 1852 τόπον
637 1788 684 1864 είς
705 1788 768 1870 τὴν
790 1789 1003 1872 παρεμβολὴν
1027 1787 1199 1871 ἀφώρισεν
1222 1787 1322 1875 αὐτῷ.

175 1894 390 1979 ἐπιφανέντες
409 1891 446 1960 δέ
465 1894 501 1959 οἱ
516 1890 591 1977 περὶ
609 1895 668 1958 τὸν
680 1890 851 1978 Ὀδυσσέα,
867 1897 1011 1960 Δόλωνα
1029 1892 1090 1979 μέν
1110 1895 1321 1980 ἀνῃρηκότες,

177 2000 229 2066 ἐπὶ
253 1999 289 2066 δὲ
313 2004 374 2086 τὴν
396 2000 556 2084 Ἕκτορος
579 2003 816 2085 κατηντηκότες
839 2003 967 2084 σκηνὴν
988 2003 1090 2067 πάλιν
1112 2001 1322 2085 ὑπέστρεφον

177 2109 236 2193 οὐχ
257 2108 411 2192 εὑρόντες
428 2107 488 2173 τὸν
507 2109 702 2190 στρατηγόν.
730 2107 789 2184 οὓς
805 2106 931 2191 Ἀθηνᾶ
950 2108 1147 2190 ἐπιφανεῖσα
1165 2107 1322 2193 κατέσχεν
1343 2121 1376 2168 ιο

178 2215 314 2281 καὶτὸν
338 2211 399 2300 μέν
414 2213 557 2299 Ἕκτορα
581 2212 730 2279 ἐκέλευσε
753 2217 798 2299 μὴ
822 2218 946 2299 ζητεῖν,
969 2212 1089 2299 Ῥῆσον
1113 2213 1150 2282 δέ
1173 2216 1323 2300 ἀναιρεῖν

180 2321 323 2402 ἐπέταξε·
352 2326 412 2388 τὸν
435 2324 499 2405 γὰρ
523 2322 559 2387 ἐκ
586 2321 709 2387 τούτου
736 2323 899 2387 κίνδυνον
927 2326 1061 2406 μείζονα
1089 2327 1226 2389 έσεσθαι
1253 2334 1324 2400 τοῖς

168 2426 338 2513 Ἕλλησιν,
362 2429 422 2496 ἐὰν
444 2430 560 2513 βιώσῃ.
604 2429 736 2504 τούτοις
764 2425 801 2493 δὲ
828 2427 999 2514 ἐπιφανείς
1017 2427 1233 2513 Ἀλέξανδρος
1256 2430 1323 2494 ἐπί-

179 2543 321 2602 στασθαι
344 2539 514 2620 πολεμίων
536 2537 734 2619 παρουσίαν.
781 2533 998 2619 ἐξαπατηθείς
1022 2532 1059 2601 δὲ
1082 2536 1147 2601 ὑπὸ
1167 2533 1322 2618 Ἀθηνᾶς,

177 2644 221 2720 ὡς
245 2644 351 2727 δῆθεν
373 2643 439 2708 ὑπὸ
460 2636 670 2725 Ἀφροδίτης,
694 2643 860 2724 ἄπρακτος
882 2641 1102 2726 ὑπέστρεφεν·
1131 2644 1167 2708 οἱ
1187 2639 1224 2708 δὲ
1247 2639 1322 2727 περὶ
1343 2656 1376 2703 ιο

177 2752 354 2834 Διομήδην
378 2750 603 2832 φονεύσαντες
622 2746 741 2832 Ῥῆσον
765 2748 1007 2832 ἐχωρίσθησαν.
1044 2747 1099 2814 καὶ
1121 2749 1141 2832 ἡ
1167 2751 1323 2834 συμφορὰ

177 2868 245 2922 τῶν
268 2855 488 2941 ἀνηρημένων
516 2850 592 2920 καθ’
621 2855 701 2920 ὅλον
728 2851 812 2938 ἦλθε
835 2857 873 2921 τὸ
900 2857 1094 2941 στράτευμα.
1139 2879 1323 2939 παραγενο-

101 2992 116 3016 ·
177 2961 281 3047 μένου
305 2961 341 3027 δὲ
356 2961 523 3046 Ἕκτορος,
548 2963 604 3027 ἵνα
627 2963 727 3039 αὐτὸς
749 2966 957 3047 περιγένηται
981 2976 1048 3028 των
1071 2963 1322 3046 πεπραγμένων,

177 3068 380 3154 τετρωμένος
399 3070 416 3136 ὁ
435 3079 496 3134 τοῦ
511 3067 632 3152 Ῥήσου
651 3069 845 3154 ἐπιμελητὴς
865 3066 909 3133 δι’
928 3069 1033 3135 αὐτοῦ
1051 3068 1155 3155 φησὶν
1167 3067 1324 3154 Ἕκτορος

266 3301 380 3369 Argum.
392 3316 445 3354 om.
455 3317 471 3355 ο
522 3306 535 3353 1
546 3296 684 3362 ἀπόθεσις
694 3296 841 3367 εόριπίδου
852 3297 940 3368 ἀήσου
951 3315 1086 3369 εοροτεοτ.
1098 3300 1126 3352 Ρ
1176 3298 1225 3353 lin.
1236 3304 1324 3352 2-26

178 3396 231 3434 om.
246 3380 307 3434 LP
363 3386 430 3448 qu.
451 3378 493 3434 δι’
513 3377 578 3449 ὅλης
591 3378 695 3452 δείλης]
715 3379 824 3449 scripsi,
842 3382 872 3433 δι
886 3382 964 3448 ελλης
981 3380 1020 3446 Η,
1040 3396 1093 3434 om.
1109 3380 1137 3432 Β
1144 3380 1166 3434 0
1218 3379 1325 3448 δπυρά

178 3459 287 3528 Nauck,
301 3459 395 3527 πυρὰν
409 3461 448 3528 Η,
463 3468 518 3527 πῦρ
534 3460 592 3515 ΒΟ
646 3466 660 3512 ’λ
679 3463 744 3529 post
759 3456 952 3529 ἐκπέμπεσθαι
967 3460 1077 3513 addunt
1090 3460 1139 3513 καὶ
1153 3460 1229 3527 ΒὈ,
1248 3460 1324 3514 laeu-

177 3557 243 3594 nam
261 3539 399 3594 indicavit
417 3540 577 3610 Morstadt!
597 3540 686 3595 τόπον
700 3558 754 3594 om.
769 3541 805 3594 H
856 3541 936 3593 8καί
951 3538 1100 3594 δόλωναθ
1157 3546 1324 3610 9κατηντη-

179 3620 257 3684 κότες
276 3620 383 3690 σκηνὴν
403 3621 443 3687 Η,
462 3619 560 3690 κοίτην
578 3638 642 3674 cum
661 3620 754 3690 spatio
772 3637 861 3674 vacuo
880 3636 981 3674 novem
999 3619 1145 3673 literarum
1164 3621 1204 3687 Β,
1228 3618 1326 3689 κοίτην

179 3699 310 3764 ἐλθόντες
324 3702 348 3755 0
361 3706 364 3770 Ι
381 3699 557 3770 ὑπέστρεφον
567 3701 597 3769 0,
612 3699 788 3770 ἀπέστρεφον
802 3701 870 3754 ΒΗ
923 3706 956 3753 10
970 3697 1101 3770 κατέσχεν
1116 3699 1284 3769 ἐπιφανεῖσα
1293 3702 1329 3755 Η

233 3788 266 3835 12
281 3779 407 3853 ἐπέταξε]
424 3778 545 3835 ἐκέλευσε
564 3782 585 3835 0
600 3785 603 3850 Ι
619 3784 685 3851 post
697 3781 798 3835 τούτου
812 3780 935 3851 spatium
949 3779 1034 3834 trium
1048 3779 1194 3835 literarum
1208 3798 1325 3836 vacuum

177 3862 227 3918 rel.
246 3863 274 3916 B
290 3865 294 3929 Ι
311 3861 425 3915 ἔσεσθαι
444 3859 558 3931 μείζονα
574 3862 607 3914 Η
660 3867 692 3915 13
711 3861 821 3923 τούτοις
835 3862 874 3927 Η,
892 3861 999 3915 τούτων
1017 3860 1082 3927 BG,
1100 3860 1164 3916 fort.
1183 3862 1272 3935 τούτῳ

180 3949 212 3996 13
223 3960 263 4011 τη.
284 3939 452 3996 ἐπίστασθαι
468 3941 508 4005 Η,
530 3940 575 3994 ἐπι
591 3958 655 3994 eum
670 3940 761 4011 spatio
777 3957 824 3995 sex
838 3940 984 3996 literarum
998 3958 1086 3995 vacuo
1101 3943 1137 4012 B,
1156 3941 1325 3997 ἐπίστασθαί

178 4041 247 4094 φησι
270 4022 473 4090 Wilamowitz,
498 4023 563 4076 fort.
593 4020 740 4092 ἐπήγγελλε
770 4025 774 4090 Ι
804 4021 889 4076 verba
916 4020 1087 4076 ἐπίστασθαι
1114 4042 1143 4076 π.
1166 4021 1325 4091 παρουσίαν

179 4120 233 4158 om.
254 4104 277 4158 0
294 4103 387 4173 spatio
412 4119 498 4156 vacuo
518 4101 617 4156 relicto
709 4108 741 4155 14
760 4099 910 4174 πολεμίων]
930 4101 1087 4171 Kirehhoff,
1112 4102 1234 4173 πολέμου
1252 4103 1325 4170 ΒΗ,

178 4181 312 4253 πολεμίου
333 4182 435 4236 Nauck
456 4189 460 4249 Ι
481 4183 667 4252 ἐξηπατηθείς
684 4182 719 4236 Η
790 4188 822 4236 16
841 4180 1046 4256 ἐχωρίσθησαν]
1065 4182 1209 4254 ἐχώρησαν
1227 4184 1325 4250 Bothe,

176 4264 357 4334 ἀνεχώρησαν
370 4262 479 4332 Nauck,
495 4264 627 4333 ἀπῆλθον
641 4262 748 4317 Kontos
802 4268 904 4316 18-26
920 4261 1161 4334 (παραγενομένου
1177 4296 1211 4304 -
1225 4263 1326 4334 λύπην)

178 4361 232 4399 om.
258 4344 281 4398 0
356 4350 388 4396 18
411 4342 591 4414 περιγένηται
611 4344 653 4410 Η,
677 4342 860 4413 πυνθάνηται
883 4343 914 4398 E.
930 4344 1085 4408 Schwartz,
1108 4346 1172 4399 fort.
1199 4344 1326 4412 ἔμπειρος

179 4422 291 4494 γίνηται
348 4429 380 4476 19
400 4426 498 4495 φησίν]
516 4423 670 4492 Kirchhoff‚
689 4441 777 4492 φασιν
795 4425 835 4493 Η,
854 4441 907 4478 om.
927 4426 954 4479 Β
974 4425 1066 4494 spatio
1084 4442 1173 4479 vacuo
1191 4423 1290 4478 relicto

1078 4513 1113 4568 1⁸
