3044 4942
737 295 942 348 ΕΥΡΙΠΙΔΟΥ

400 459 526 543 δούλην
549 456 647 544 ἀνέξῃ
671 456 725 523 σοὶ
749 456 865 543 λέχους
886 455 1125 543 κοινουμένην;

399 566 444 647 μὰ
466 567 529 650 τὴν
552 567 712 647 ἄνασσαν,
736 565 799 631 οὐκ
821 564 864 630 άν
886 568 924 631 ἔν
945 559 977 648 γ’
998 564 1090 650 ἐμοῖς
1112 565 1228 648 δόμοις

399 669 555 756 βλέπονσ
578 671 621 738 ἂν
643 672 748 756 αὐγάς
769 670 844 757 τᾶμ’
866 669 1038 755 ἐκαρποῦτ’
1061 670 1103 736 ἂν
1127 670 1215 757 λέχη.

398 780 488 863 κάγδι
511 781 659 846 κλύουσα
681 779 802 846 τούσδε
826 780 1001 863 Σειρήνων
1024 781 1146 862 λόγους

399 898 516 971 σοφῶν
537 888 739 971 πανούργων
762 888 922 953 ποικίλων
946 887 1154 970 λαλημάτων,

398 993 614 1079 ἕὲννενώθιν
636 996 752 1081 μνεία·
798 997 834 1059 τί
853 994 916 1077 νᾶι
939 1017 978 1078 με
1001 1004 1085 1078 xviv

400 1103 501 1167 τόσιν
524 1102 720 1186 φυλάσσειν,
744 1091 765 1186 ᾖ
789 1109 899 1184 παρῆν
922 1101 1011 1166 ὅσων
1034 1101 1118 1185 ἔδει,

398 1211 504 1286 τιολὺς
526 1205 587 1293 μὲν
611 1211 725 1293 ὄλβος,
750 1207 910 1293 δωμάτων
933 1203 965 1272 δ’
986 1207 1192 1291 ἠνάσσομεν;

399 1317 520 1393 παῖδας
544 1313 575 1381 δ’
597 1315 663 1398 ἐγὼ
685 1313 747 1399 μὲν
770 1316 930 1400 γνησίους
951 1317 1080 1380 ἔτικτον
1102 1316 1155 1397 όν,

400 1423 421 1507 ἣ
446 1420 478 1488 δ’
499 1423 702 1508 ἡμιδούλονς
724 1432 794 1499 τοῖς
817 1420 909 1508 ἐμοῖς
930 1429 1136 1507 νοθαγενεῖς.

400 1525 472 1595 ἀλλ’
493 1528 607 1597 οὔποτ’
630 1524 763 1596 οὔποτ’·
787 1529 828 1595 ού
851 1530 915 1613 γὰρ
937 1529 1073 1608 εἰσάπαξ
1097 1528 1177 1616 ἐρῶ·

399 1639 461 1722 χρὴ
484 1638 563 1714 τούς
585 1661 623 1718 γε
646 1646 731 1703 νοῦν
755 1638 904 1722 ἔχοντας,
928 1628 978 1714 οἷς
1000 1639 1091 1702 ἔστιν
1114 1640 1216 1721 γυνή,

401 1746 484 1827 πρὸς
504 1746 567 1828 τὴν
590 1744 627 1810 ἐν
652 1749 757 1821 οἴκοις
779 1745 903 1828 άλοχον
926 1742 1086 1827 ἐσφοιτᾶν
1109 1743 1168 1810 ἐᾶν

399 1862 576 1934 γυναῖκας·
599 1846 783 1935 αὗταιγὰρ
808 1850 1002 1917 διδάσκαλοι
1025 1862 1153 1918 κακῶν·

399 1959 420 2043 ἣ
444 1958 505 2043 μέν
528 1983 560 2023 τι
582 1958 805 2041 κερδαίνονσα
829 1962 1030 2044 σνμφθείρει
1054 1956 1163 2043 λέχος,

401 2066 421 2150 ἣ
446 2064 476 2131 δ’
500 2064 717 2151 άμπλακοῦσα
742 2076 921 2131 συννοσεῖν
944 2065 1028 2151 αὐτῇ
1050 2067 1159 2148 θέλει,

400 2171 516 2238 πολλαλ
542 2169 580 2238 δὲ
602 2175 798 2258 μαργότητι·
821 2172 1006 2239 κάνιεῦθεν
1030 2175 1128 2258 δόμοι

400 2289 561 2347 νοσοῦσιν
584 2279 727 2364 ἀνδρῶν.
772 2281 855 2365 πρὸς
876 2274 948 2345 τάδ’
970 2275 1009 2346 εὖ
1032 2281 1217 2365 φυλάσσετε

400 2383 579 2473 κλῄθροισι
602 2385 657 2453 καὶ
679 2393 833 2473 μοχλοῖσι
857 2388 1020 2474 δωμάτων
1042 2388 1164 2465 πύλας·

399 2492 490 2577 ὑγιὲς
511 2496 576 2579 γὰρ
599 2492 700 2560 οὐδὲν
723 2495 761 2560 αλ
780 2495 936 2579 θύραθεν
960 2497 1085 2561 εἴσοδοι

401 2602 527 2684 δρῶσιν
550 2612 732 2685 γυναικῶν,
756 2601 840 2668 ἀλλὰ
861 2603 969 2668 πολλὰ
992 2599 1047 2669 καὶ
1070 2603 1164 2668 κακά.

351 2757 359 2773 .
401 2709 487 2792 άγαν
510 2709 633 2793 ἐφῆκας
655 2714 811 2792 γλῶσσαν
834 2708 868 2787 ἐς
891 2711 928 2775 τὸ
952 2711 1138 2794 σύμφυτον.

403 2817 600 2900 συγγνωστά
623 2814 684 2900 μέν
707 2840 772 2881 νυν
794 2815 848 2882 σοὶ
871 2814 958 2900 τάδ’,
981 2814 1052 2883 ἀλλ’
1076 2817 1165 2900 ὅμως
1186 2817 1293 2902 χρεὼν

401 2932 538 3007 κοσμεῖν
560 2934 720 3007 γυναῖκας
742 2924 801 3001 τὰς
822 2927 1013 3007 γυναικείας
1035 2927 1165 3002 νόσους.

347 3082 352 3093 .
399 3032 508 3113 σοφόν
530 3053 563 3095 τι
586 3039 695 3115 χρῆμα
717 3040 778 3098 τοῦ
801 3030 996 3110 διδάξαντος
1018 3033 1160 3116 βροτοὺς

401 3139 522 3219 λόγους
544 3137 679 3203 ἀκούειν
702 3149 769 3204 τῶν
793 3138 954 3205 ἐναντίων
977 3139 1075 3222 πάρα.

400 3242 465 3326 ἐγὼ
487 3244 552 3326 γάρ
575 3244 671 3321 εἰδὼς
693 3245 793 3328 τήνδε
817 3246 979 3330 σύγχυσιν
1002 3246 1115 3329 δόμων

401 3353 472 3433 ἔριν
495 3375 530 3416 τε
552 3352 614 3435 τὴν
637 3352 702 3436 σὴν
724 3349 778 3416 καὶ
802 3354 959 3435 γυναικὸς
973 3350 1146 3436 Ἕκτορος,
1360 3370 1412 3417 960

357 3622 408 3669 939
427 3595 543 3688 λέχόσλ
598 3623 649 3672 996
664 3615 793 3690 βλέποντ’
803 3615 840 3671 ἂν
850 3618 905 3685 Pb,
924 3615 1110 3688 βλέπουσανν
1164 3622 1215 3671 997
1227 3617 1304 3672 delet
1314 3616 1412 3671 Nauck

303 3701 355 3750 938
379 3716 411 3765 με
435 3699 516 3771 χρῆν]
545 3696 574 3767 μ’
592 3698 677 3768 ἐχρῆν
696 3698 780 3767 ELp
803 3700 832 3752 et
854 3701 923 3750 mut.
943 3697 972 3750 in
991 3696 1021 3766 μ’
1038 3697 1121 3768 ἐχρὴν
1142 3698 1177 3765 Β,
1206 3696 1234 3767 μ’
1253 3696 1336 3768 ἐχρὴν
1355 3698 1415 3752 AP

303 3781 354 3829 939
373 3778 523 3845 φυλάττειν
542 3777 608 3831 libri
624 3782 628 3847 Ι
645 3777 711 3833 όταν
731 3779 758 3832 Β
777 3799 817 3833 ων
836 3795 919 3848 super
937 3797 971 3831 ον
990 3795 1044 3831 scr:
1060 3778 1076 3832 b
1146 3784 1195 3831 941
1209 3796 1248 3846 sq.
1269 3780 1412 3848 suspectos

267 3856 355 3911 habet
373 3857 497 3912 R.Prinz
552 3863 604 3912 943
624 3858 742 3925 εἰσάπαξ
762 3860 795 3926 Ρ,
815 3859 855 3920 εἰς
873 3858 983 3923 άπαζν
1036 3864 1088 3912 944
1108 3858 1182 3913 ἐστὶν
1202 3859 1269 3926 ΕΒ,
1289 3857 1378 3912 ἔστιν

268 3942 320 3990 946
340 3936 473 4006 ἐσφοιτᾶν
488 3940 529 4006 Ε,
549 3939 722 4006 ελσφοιτᾶνν
773 3945 824 3992 948
844 3939 913 4010 αὑτῇ
930 3938 953 3994 0
969 3942 998 3992 et
1016 3938 1112 4007 schol.,
1131 3940 1203 4010 αὐτῇ
1222 3957 1237 3994 r
1282 3943 1331 3992 961
1348 3937 1411 4006 κλή-

268 4021 364 4084 θροισι
383 4019 418 4084 Α,
437 4017 591 4088 κλείθροισι
610 4038 625 4074 ν
710 4024 762 4073 963
781 4021 866 4087 δρῶσι
886 4020 913 4073 Β
943 4022 947 4088 Ι
976 4016 1053 4073 πόλλ’
1072 4018 1146 4089 άγαν
1164 4017 1238 4073 κακά
1258 4018 1318 4074 cod.
1338 4019 1411 4072 Mar-

269 4096 366 4151 cianus
385 4103 445 4166 607,
474 4098 523 4153 cfr.
543 4101 597 4152 act.
618 4115 671 4152 soc.
691 4098 789 4168 philol.
809 4099 883 4169 Lips.
904 4100 942 4153 VI
960 4118 987 4170 p.
1003 4106 1055 4153 994
1146 4105 1198 4153 964
1217 4102 1325 4170 γλῶοαν
1343 4103 1410 4154 mut.

267 4176 297 4230 in
316 4182 440 4248 γλῶσσαν
461 4181 493 4247 Α,
514 4182 636 4249 γλῶτταν
656 4181 683 4234 Ρ
705 4181 709 4252 Ι
735 4198 750 4233 σ
787 4200 876 4249 φονον
895 4179 956 4251 (εἰσ)
976 4181 1003 4233 Β
1039 4180 1218 4249 σύμφυλονό
1292 4185 1343 4234 966
1362 4179 1413 4250 μέν

269 4260 332 4330 νυν]
352 4258 461 4327 Οεωλετ,
489 4256 541 4327 μὲν
559 4256 611 4313 οὖν
630 4258 695 4312 libri
783 4266 834 4315 956
854 4257 1017 4331 γυναικλονς
1036 4260 1064 4313 Ρ
1089 4258 1267 4330 γυναικείους
1280 4278 1303 4330 p
1321 4263 1350 4315 et
1368 4261 1409 4327 λι]

267 4336 377 4409 νόσους]
397 4360 437 4409 γρ.
458 4339 555 4407 φύσεις
572 4339 602 4393 in
621 4357 708 4411 marg.
728 4359 746 4395 a
818 4347 869 4395 969
888 4339 984 4414 τήνδε]
1004 4339 1117 4411 scripsi,
1136 4343 1223 4396 τῶνδε
1242 4340 1309 4396 libri
1334 4343 1339 4410 Ι
1365 4338 1410 4396 νό-

268 4439 328 4488 μων
346 4420 374 4474 Ρ
400 4417 530 4490 δόμωνμ
