3052 4934
697 249 901 300 ΕΥΡΙΠΙΔΟΥ

362 411 434 497 έμολ
458 409 494 478 δὲ
519 414 640 478 δώσειν
663 409 747 495 φησὶ
769 421 836 495 πῦρ
859 412 1054 496 κεραύνιον,

363 522 498 605 βάλλειν
518 517 671 603 Ἀχαιοὺς
692 527 776 595 ναῦς
799 542 832 583 τε
856 518 1041 603 πιμπράναι
1063 519 1153 600 πυρί.

350 627 405 694 ’σὺ
429 622 459 693 δ’
481 622 524 693 αὖ
548 628 585 692 τὸ
609 629 670 691 σὸν
693 627 860 711 παράσχες
883 633 1025 709 Αἴγαιον
1047 627 1154 710 πόρον

362 739 547 822 τρικυμίαις
569 733 735 818 βρέμοντα
757 733 811 798 καὶ
837 735 946 810 δίναις
969 732 1062 815 ἁλός,

362 851 492 927 πλῆσον
516 839 552 908 δὲ
575 853 704 926 νεκρῶν
727 847 844 907 κοῖλον
867 840 1015 925 Εὐβοίας
1037 843 1160 925 μυχόν,

364 953 411 1029 ὡς
434 950 476 1016 διν
498 952 536 1016 τὸ
560 950 679 1016 λοιπὸν
702 946 776 1033 τᾶμ’
798 946 952 1034 ἀνάκτορ’
976 943 1013 1014 εὖ
1037 946 1147 1031 σέβειν

364 1053 473 1125 είδῶσ’
492 1052 613 1142 Ἀχαιοὶ
635 1058 739 1134 θεούς
761 1080 795 1121 τε
818 1059 898 1134 τοὺς
920 1057 1041 1134 ἄλλους
1064 1054 1183 1140 σέβειν.

315 1219 331 1235 .,
364 1170 455 1232 ἔσται
478 1163 567 1231 τάδ’·
591 1165 612 1248 ἡ
635 1165 730 1249 χάρις
753 1165 817 1249 γὰρ
841 1163 882 1228 οὐ
905 1174 1040 1248 μακρῶν
1064 1166 1175 1247 λόγων

365 1277 481 1339 δεῖται·
504 1272 634 1355 ταράξω
656 1270 799 1354 πέλαγος
821 1273 964 1354 Αἰγαίας
986 1270 1072 1347 ἁλός.

369 1378 462 1446 άκταὶ
487 1376 523 1445 δὲ
549 1382 712 1445 Μυκόνου
736 1381 862 1462 Δήλιοί
881 1402 916 1443 τε
939 1378 1092 1463 χοιράδες

366 1491 555 1573 Σκῦρόςτε
579 1488 716 1570 Λῆμνός
737 1480 774 1550 θ’
796 1487 834 1550 αί
853 1488 1045 1569 Καφήρειοί
1064 1482 1093 1549 τ’
1121 1486 1220 1570 ἄκραι

365 1601 500 1661 πολλῶν
522 1597 701 1659 θανόντων
724 1591 853 1676 σώμαθ’
877 1592 1010 1670 ἕξουσιν
1032 1602 1170 1677 νεκρῶν.

366 1699 437 1768 ἀλλ’
461 1696 533 1787 ἕρπ’
550 1700 722 1785 Ὄλυμπον
745 1699 800 1765 καὶ
823 1703 1021 1786 κεραυνίους
1043 1686 1144 1784 βολὰς

367 1814 516 1894 λαβοῦσα
539 1810 662 1892 πατρὸς
685 1808 721 1874 έκ
744 1818 850 1894 χερῶν
873 1809 1066 1892 καραδόκει,

368 1920 447 1985 ὅταν
471 1911 644 2002 στράτευμ’
668 1906 818 1999 Ἀρχεῖον
842 1914 910 2000 ἐξιῇ
934 1915 1049 1991 κάλως.

369 2037 480 2109 μῶρος
503 2020 539 2089 δὲ
562 2029 699 2106 θνητῶν
722 2021 995 2104 ὅστιςέκπορθεῖ
1013 2024 1140 2103 πόλεις,

367 2133 472 2210 ναούς
494 2157 527 2197 τε
550 2132 697 2215 τύμβους
721 2127 770 2210 θ’,
795 2131 867 2215 ίερὰ
889 2141 956 2195 τῶν
979 2132 1206 2213 κεκμηκότων,

368 2240 485 2326 ἐρημίᾳ
510 2241 590 2316 δοὺς
613 2237 712 2315 αὐτὸς
736 2233 835 2303 ὤλεθ’
857 2236 1010 2322 ὕστερον.

740 2444 872 2493 ΕΚΑΒΗ.
964 2480 966 2492 ι

370 2555 449 2635 άυα,
473 2553 677 2635 δύσδαιμον,
700 2553 847 2616 πεδόθεν
870 2552 1035 2633 κεφαλήν,
1095 2579 1097 2582 ·

371 2660 500 2743 ἐπάειρε
525 2657 638 2743 δέρην·
663 2656 772 2722 οὐκέτι
800 2660 902 2740 Τροία

370 2768 448 2832 τάδε
471 2764 526 2831 καὶ
550 2769 688 2849 βασιλῆς
711 2764 809 2849 ἐσμεν
838 2767 965 2848 Τροίας.

369 2871 661 2958 μεταβαλλομένου
685 2873 844 2956 δαίμονος
867 2869 997 2956 ἀνέχον.

371 2987 449 3046 πλεῖ
468 2982 550 3045 κατὰ
573 2982 744 3065 πορθμόν,
767 2984 845 3045 πλεῖ
863 2979 945 3044 κατὰ
969 2980 1128 3063 δαίμονα,

371 3084 456 3173 μηδὲ
478 3091 647 3173 προσίστω
669 3094 808 3174 πρῷραν
830 3089 946 3171 βιότου

371 3196 455 3279 πρὸς
478 3204 566 3280 κῦμα
588 3192 737 3260 πλέουσα
760 3195 924 3279 τύχαισιν.

373 3305 446 3367 αίαῐ
466 3305 545 3367 αίαῑ,
1343 3323 1393 3370 105

326 3522 360 3571 80
380 3517 449 3586 φησὶ
467 3523 523 3582 πῦρ
543 3513 704 3585 κεραύνιον]
721 3523 777 3583 πῦρ
792 3514 943 3580 κεραύνιον
958 3513 1031 3584 λέχει
1045 3513 1131 3569 schol.
1146 3514 1286 3584 Lycophr.
1303 3522 1357 3571 382

239 3604 271 3652 81
292 3595 371 3669 πυρί]
396 3594 479 3665 φλογί
502 3595 609 3665 Burges
699 3600 733 3647 82
752 3593 877 3663 πάρασχε
904 3597 926 3648 0
956 3600 960 3661 Ι
990 3592 1084 3657 δίναις
1106 3591 1182 3666 ἁλός]
1209 3597 1295 3668 δεινῷ
1319 3596 1394 3669 σάλῳ

239 3679 270 3732 Ε.
287 3679 316 3732 Β,
332 3676 463 3745 England
556 3681 590 3729 δι’)
614 3676 738 3746 εὐσεβεῖν
761 3673 827 3727 libri
919 3679 953 3727 80
976 3678 1054 3729 θεῶν
1077 3693 1106 3728 τε
1130 3684 1185 3729 τῶν
1209 3675 1301 3730 ἄλλων
1324 3675 1394 3748 σε’βη

239 3757 358 3827 Gamper
377 3755 485 3824 (malim
505 3755 565 3826 ἕδη)
629 3761 663 3809 89
682 3753 801 3824 μυκίνου
823 3755 946 3820 011010.
969 3754 1070 3822 Δήλιαι
1135 3761 1166 3808 91
1188 3753 1280 3820 ἕξουσι
1302 3758 1361 3811 ΟΡ

239 3844 272 3892 94
289 3836 425 3908 Ἀργείου]
445 3836 560 3900 Cantor,
583 3834 704 3904 ἀρχείων
725 3836 781 3890 ΟΡ
803 3838 807 3904 Ι
833 3833 918 3898 κάλος
935 3852 1004 3890 corr,
1024 3835 1053 3888 in
1072 3834 1162 3897 κάλως
1180 3836 1209 3889 Ρ
1294 3841 1329 3889 95
1349 3837 1395 3891 έκ-

240 3916 344 3986 πέρσας
362 3916 464 3971 Ιδείιλια
533 3922 566 3971 97
586 3917 670 3978 αὐτὸς
688 3916 867 3970 ἀνταπώλετο
886 3915 995 3984 Nauck,
1015 3914 1063 3969 cfr.
1083 3914 1144 3968 Hel.
1162 3920 1212 3968 100
1283 3922 1318 3969 98
1333 3937 1394 3986 χορ.

238 3996 370 4068 praefixit
390 3993 439 4067 ΡΙ
458 3998 615 4066 δυσδαῖμον
636 3998 678 4065 ΟΙ
694 3993 828 4063 πεδόθεν,
847 4017 877 4049 αι
897 4013 980 4066 super
997 3995 1075 4066 prius
1094 4016 1107 4050 ε
1127 4014 1192 4063 τοι,
1212 3999 1262 4067 Nl
1279 3997 1392 4068 κεφαλά

239 4078 315 4144 ΒΝ,
340 4075 388 4130 cfr.
413 4075 498 4130 schol.
523 4069 545 4129 ὦ
566 4076 597 4130 ἐκ
615 4080 691 4131 θεῶν
710 4074 872 4146 δυσδαίμων
891 4076 999 4146 κεφαλὴ
1018 4085 1164 4147 γεγονυῖα,
1188 4078 1263 4151 ιιιιδο
1282 4077 1394 4136 variam

239 4159 288 4212 sed
321 4156 453 4210 vitiosam
485 4155 636 4210 lectionem
667 4155 775 4211 θεόθεν
807 4156 916 4226 κεφαλή
944 4160 1074 4211 monente
1102 4155 1257 4211 Bartholdo
1291 4157 1393 4213 elicuit

239 4239 269 4293 Ε,
286 4238 427 4291 Schwartz
517 4243 551 4290 99
571 4236 656 4306 δέρην
679 4234 705 4290 τ’
725 4237 875 4307 Musgrave
967 4242 1017 4290 100
1039 4238 1090 4290 κού
1114 4236 1203 4290 Bothe
1233 4240 1238 4306 Ι
1268 4240 1393 4309 βασιλεῖς

238 4317 306 4372 libri
367 4322 417 4370 101
437 4317 541 4386 άνσχοῦ
560 4317 659 4371 Nauck
722 4323 772 4371 102
791 4316 926 4389 δαίμονα]
945 4318 1090 4389 πνεύματα
1109 4316 1138 4372 F.
1154 4320 1205 4375 (iu.
1222 4318 1353 4379 Schmidt

240 4404 292 4454 103
311 4395 444 4468 προσέστη
464 4398 493 4454 P
564 4403 615 4454 100
635 4401 694 4454 ΕΚ.
713 4398 843 4471 praefixit
862 4400 890 4456 P
