3044 4942
729 249 934 302 ΕΤΡῙΙΙΙΔΟΤ

391 411 535 490 ἔδεισας;
560 409 639 495 ἕρπε
663 407 752 495 δεῦρ’
776 409 834 476 ὑπ’
855 410 1014 494 ἀγκάλας,
1037 409 1181 496 βρέφος,

390 517 509 595 ξύλλυε
532 518 637 603 δεσμὰ
659 520 796 603 μητρός·
821 517 858 584 έν
883 521 977 606 Φθίᾳ
1000 515 1031 584 σ’
1052 517 1118 603 ἐγὼ
1164 520 1171 532 '

388 623 507 706 θρέψω
530 625 635 710 μέγαν
657 623 763 691 τοῖσδ’
785 625 919 710 ἐχθρόν.
965 627 997 691 εί
1018 622 1049 692 δ’
1069 626 1156 709 ἀκήν
1180 626 1280 707 δορὸς

390 743 461 809 τοῖς
484 732 708 813 Σπαρτιάταις
731 731 811 811 δόξα
834 730 890 798 καὶ
912 732 1018 817 μάχης
1041 732 1143 816 ἀγών,

389 833 479 904 τᾶλλ’
503 841 597 917 ὄντες
620 845 690 905 ίστε
713 840 856 924 μηδενὸς
878 842 1058 923 βελτίονες

283 950 349 1011 XO.
392 944 568 1030 ἀνειμένον
590 970 622 1011 τι
646 956 753 1031 χρῆμα
775 949 972 1031 πρεσβυτῶν
994 946 1091 1032 γένος

389 1051 445 1118 καὶ
469 1056 706 1138 δυσφύλακτον
729 1054 915 1138 ὀξυθυμίας
936 1054 1010 1120 ύαο.

280 1164 357 1224 ΜΕ.
391 1161 477 1243 ἄγαν
499 1162 678 1245 τιρονιοιιὴς
701 1160 734 1238 ές
757 1162 794 1226 τὸ
819 1162 986 1245 λοιδορεῖν
1010 1159 1109 1247 φέρη·

391 1266 455 1351 έγὼ
479 1265 516 1332 δὲ
539 1270 622 1352 πρὸς
644 1271 723 1352 βίαν
745 1265 807 1352 μὲν
831 1267 865 1345 ές
890 1272 1003 1334 Φθίαν
1026 1270 1139 1353 μολὼν

391 1372 461 1440 οὔτ’
486 1369 549 1440 οὖν
571 1399 602 1440 τι
627 1375 740 1456 δράσω
764 1380 919 1459 φλαῦρον
942 1375 1020 1441 οὔτε
1042 1379 1205 1460 κείσομαι.

391 1479 446 1546 καὶ
470 1491 534 1547 νῦν
557 1482 634 1565 με’ν·
658 1482 785 1566 οὐγὰρ
809 1482 967 1566 ἄφθονον
990 1483 1114 1567 σχολήν
1137 1485 1216 1567 ἔχω·

390 1585 503 1673 ἄπειμ’
526 1587 559 1665 ές
582 1594 709 1664 οἴκους·
733 1590 802 1653 ἔστι
825 1588 889 1671 γάρ
912 1611 962 1665 τις
985 1589 1026 1653 ού
1049 1589 1162 1670 πρόσω

391 1696 549 1780 Σπάρτης
571 1698 667 1772 πόλις
689 1718 754 1777 τις,
776 1695 797 1778 ἣ
820 1696 885 1778 πρὸ
908 1704 969 1760 τοῦ
992 1691 1054 1779 μὲν
1076 1690 1119 1779 ἦν
1141 1697 1238 1779 φίλη,

390 1811 455 1868 νῦν
479 1800 510 1868 δ’
532 1802 638 1887 ἐχθρὰ
660 1812 763 1867 ποιεί·
787 1800 881 1885 τήνδ’
905 1799 1094 1879 ἐπεξελθεῖν
1116 1802 1206 1867 θέλω
1351 1819 1403 1867 ‘135

392 1912 658 1995 στρατηλατήσας
681 1909 894 1994 χὺποχείριον
918 1911 1043 1992 λαβεῖν.

391 2018 471 2083 ὅταν
496 2014 532 2082 δὲ
555 2018 648 2081 τάκεῖ
667 2021 721 2081 θῶ
744 2017 826 2082 κατὰ
849 2017 986 2101 γνώμην
1009 2015 1101 2100 έμήν,

390 2125 472 2209 ήξω·
496 2124 613 2207 παρὼν
636 2119 674 2188 δὲ
696 2123 779 2206 πρὸς
802 2125 968 2207 παρόντας
991 2122 1146 2207 ἐμφανῶς

390 2233 561 2317 γαμβροὺς
584 2228 707 2308 διδάξω
731 2228 786 2294 καὶ
811 2230 986 2314 διδάξομαι
1010 2234 1138 2313 λόγους.

391 2338 454 2405 κᾶν
476 2334 538 2422 μὲν
560 2337 680 2422 κολάζῃ
704 2337 804 2421 τήνδε
827 2335 883 2403 καί
906 2339 943 2402 τὸ
967 2338 1086 2402 λοιπὸν
1108 2327 1129 2421 ᾖ

391 2448 537 2530 σώφρων
559 2440 638 2510 καθ’
661 2444 762 2530 ἡμᾶς,
785 2441 931 2529 σώφρον’
954 2443 1182 2527 ἀντιλήψεται·

391 2552 604 2638 θυμούμενος
627 2547 665 2617 δὲ
688 2552 833 2630 τεύξεται
856 2550 1095 2635 θυμουμένων,

393 2663 532 2744 [έργοισι
557 2656 587 2723 δ’
611 2662 691 2742 ἔργα
716 2655 845 2742 διάδοχ’
868 2657 1105 2742 ἀντιλήψεταιή.

391 2771 470 2845 τοὺς
493 2770 573 2844 σοὺς
597 2764 634 2831 δὲ
657 2767 788 2850 μύθους
812 2765 935 2853 ῥᾳδίως
958 2765 1022 2848 έγὼ
1047 2764 1154 2849 φέρω·

392 2884 468 2962 σκιᾷ
492 2876 556 2958 γὰρ
579 2873 785 2957 ἀντίστοιηος
808 2873 856 2938 ὢν
880 2874 999 2957 φωνήν
1022 2876 1106 2958 ἔχεις

290 2968 293 2974 ’
392 2982 557 3059 ἀδύνατος
580 2978 682 3047 οὐδὲν
705 2981 786 3045 ἄλλο
809 2980 897 3063 τιλήν
920 2979 1030 3063 λέγειν
1053 2982 1168 3065 μόνον.

393 3198 435 3262 σύ
459 3194 501 3278 τ’,
525 3192 550 3261 ὦ
575 3196 729 3261 τάλαινα·
752 3198 904 3279 χείματος
927 3195 991 3278 γὰρ
1015 3193 1136 3278 ἀγρίου

260 3333 472 3343 ——-

350 3415 401 3461 722
421 3404 470 3462 ὑπ’
488 3406 612 3478 ἀγκάλας
631 3407 697 3473 LP,
724 3405 900 3476 ύπαγκύλαις
923 3405 963 3471 A,
991 3402 1040 3458 ὑπ’
1058 3404 1194 3473 ἀγκάλαις
1211 3421 1227 3458 r
1249 3401 1404 3474 (ὑπ’ἆγιιοί-

259 3493 316 3552 λες
333 3491 402 3542 mut.
421 3488 453 3541 in
470 3485 518 3543 ὑπ’
536 3486 672 3557 ἀγκύλαις
691 3488 728 3556 Β)
805 3491 858 3540 723
876 3485 974 3551 ξύνλυε
994 3488 1021 3540 Α
1040 3489 1045 3555 Ι
1066 3483 1153 3553 δεσμὰ
1172 3482 1285 3556 μητρός]
1303 3484 1405 3550 Heath,

260 3569 362 3639 μητρὸς
379 3568 467 3637 δεσμοί
486 3567 552 3622 libri
571 3571 688 3637 excepto
709 3569 734 3621 L
753 3565 802 3634 qui
821 3567 923 3635 μητρὸς
942 3563 1035 3633 δέσμ”
1056 3565 1109 3635 έγώ
1124 3562 1149 3618 α’
1162 3565 1193 3619 έν
1210 3573 1244 3636 τῇ
1263 3562 1339 3638 φθίᾳ
1359 3581 1405 3619 ex·

260 3649 352 3716 hibet,
378 3648 441 3703 sort.
461 3649 563 3718 μητρὸς
581 3649 680 3717 δεσμοὶΙ
701 3649 755 3702 κάν
776 3645 853 3720 Φθίᾳ
873 3644 898 3699 α’
916 3646 969 3715 έγὼ
1043 3651 1094 3698 725
1114 3644 1214 3716 μάχης]
1233 3644 1297 3699 fort.
1316 3645 1406 3715 πύλης

296 3735 347 3783 τεο
365 3725 442 3783 σοι’
460 3729 559 3796 BLP,
584 3723 660 3783 κάκ’
677 3729 712 3784 ιο
786 3733 836 3780 νει
857 3726 937 3796 γένος
955 3727 1048 3800 ALP
1065 3743 1128 3779 cum
1147 3725 1225 3781 ενοι).
1245 3725 1270 3779 fl.
1292 3731 1405 3793 116,37,

261 3810 314 3878 έφυ
333 3810 397 3865 ΒΕ
427 3830 469 3879 γρ.
488 3806 568 3879 γένος
586 3825 721 3878 superser.
741 3808 770 3877 b,
802 3807 866 3862 fort.
886 3804 1001 3876 φρενός,
1028 3806 1076 3860 cfr.
1097 3810 1147 3859 181
1267 3810 1318 3858 728
1337 3803 1405 3877 ano]

260 3888 330 3957 ὕπερ
349 3890 376 3942 L
449 3895 498 3942 731
519 3885 555 3942 αὖ
575 3905 658 3958 super
677 3885 728 3943 οὖν
745 3887 833 3942 scnb
863 3892 867 3957 Ι
897 3891 1008 3957 φαῦλον
1026 3887 1093 3944 οὐδὲ
1113 3889 1142 3942 Ε
1215 3893 1266 3941 733
1285 3887 1333 3941 καλ
1353 3885 1405 3956 γὰρ

261 3969 334 4024 ἔστιν
353 3970 386 4023 ού
405 3966 498 4036 πρόσω
517 3968 647 4037 Hartung
724 3974 774 4022 734
794 3966 811 4037 ἢ
832 3970 858 4022 Α
935 3974 986 4022 736
1006 3966 1200 4039 γ’ὑττοχείριον
1219 3969 1279 4022 LP
1294 3964 1405 4036 (κ’ύτιο-

260 4047 366 4120 χείριον
381 4052 421 4118 γ),
440 4048 488 4102 καλ
507 4045 702 4118 ὑποχείριονε
774 4054 823 4102 741
844 4050 957 4118 σῶφρον
976 4051 1016 4117 A,
1035 4059 1149 4118 σῶφρον
1166 4047 1192 4103 τ’
1211 4049 1274 4102 ΒΕ
1299 4046 1406 4117 ’τηρεε

260 4141 282 4184 ῶ
301 4132 331 4184 ελ
348 4150 364 4183 ν
384 4146 468 4199 super
485 4149 500 4182 τ
520 4146 570 4182 scr.
590 4128 606 4182 b
662 4133 713 4182 743
732 4127 836 4183 delevit
849 4128 1026 4183 Valckenaer
1085 4135 1136 4182 745
1156 4136 1221 4183 σκιᾰ
1235 4131 1271 4197 Α,
1290 4127 1355 4182 σκιὰ
1368 4127 1403 4199 r!

261 4208 312 4282 ὧν]
330 4210 446 4277 Reiske,
474 4210 511 4272 ὡς
529 4209 594 4262 libri
614 4207 662 4278 (ὣς
680 4208 706 4279 b)
815 4215 867 4263 746
886 4210 949 4265 fort.
969 4210 1125 4278 ἀδύνατον,
1144 4208 1229 4263 οὐδὲν
1248 4208 1314 4263 ἄλλο
1332 4208 1405 4277 πλὴν

260 4299 367 4360 ψοφεῖν
386 4290 456 4361 ἔχων
474 4289 554 4360 (ἔχων
573 4289 629 4343 iam
648 4288 758 4357 Nauck)
774 4291 778 4359 Ι
794 4286 865 4359 λέγει
884 4292 911 4344 L
941 4312 958 4346 ν
978 4291 1071 4347 αἱδί
1143 4296 1193 4343 747
1214 4289 1284 4361 ἡγοῦ
1304 4290 1337 4343 σύ
1356 4288 1403 4362 ΒΙ

260 4367 309 4426 ὑπ’
327 4370 462 4441 ἀγκύλαις
481 4371 508 4425 Β
535 4392 552 4443 η
573 4387 656 4442 super
674 4392 704 4425 αι
724 4387 774 4423 scr.
794 4371 809 4425 b
