3014 4928
247 254 290 316 94
556 256 680 340 ΓΕΠΟΣ
697 253 760 305 KAI
777 254 864 306 ΒΙΟΣ
881 254 1086 306 ΕΤΡΠΠΔΟΤ

329 417 474 499 Ἥσκησε
503 413 540 481 δὲ
567 413 638 481 κατ’
665 415 766 500 ἀρχάς
800 411 861 501 μὲν
888 415 1092 500 παγκράτιον
1120 415 1141 501 ὴ
1168 416 1306 500 πυγμὴν
1337 425 1398 482 τοῦ

248 524 371 606 πατρὸς
398 525 502 588 αὐτοῦ
530 524 680 607 χρησμὸν
703 527 863 605 λαβόντος
890 523 941 590 δτι
965 526 1243 608 στεφανηφόρους
1265 523 1398 606 ἀγῶνας

249 631 386 714 νικήσει,
410 633 466 695 καί
487 648 592 714 φασιν
617 630 720 696 αὐτὸν
740 627 901 714 Ἀθήνησι
924 640 1070 714 νικῆσαι·
1094 629 1261 714 ἀναγνοὺς
1285 627 1323 695 δὲ
1347 629 1400 695 ε’πί

248 740 439 824 τραγῳδίαν
467 737 588 820 ἐτράπη
616 735 669 801 καί
693 738 799 801 πολλὰ
822 737 1036 820 προσεξεῦρε,
1063 739 1252 820 προλόγους
1278 755 1398 820 φυσιο-

198 873 231 919 10
250 848 363 928 λογίας
386 844 559 928 ῥητορείας
582 842 873 927 ἀναγνωρισμούς,
899 843 943 920 ὡς
966 844 1008 927 δὴ
1032 843 1195 928 ἀκουστὴς
1217 846 1401 927 γενόμενος

247 950 470 1034 Ἀναξαγόρου
497 948 551 1015 καὶ
580 951 753 1033 Προδίκου
781 949 834 1015 καί
860 953 1087 1035 Πρωταγόρου
1114 949 1169 1016 καί
1193 952 1400 1034 Σωκράτους

251 1058 388 1140 ἑταῖρος.
440 1060 534 1123 δοκεῖ
564 1054 601 1122 δὲ
633 1057 723 1143 αὐτῷ
750 1055 804 1121 καὶ
834 1057 1015 1139 Σωκράτης
1049 1057 1080 1138 [ὁ
1112 1036 1312 1141 φιλόσοφος]
1346 1057 1400 1122 καί

253 1170 470 1250 Μνησίλοχος
510 1162 792 1249 συμπεποιηκίναι
832 1164 925 1243 τινά,
968 1165 1012 1241 ὥς
1052 1182 1135 1249 φησι
1179 1165 1402 1249 Τηλεκλείδης

254 1271 328 1359 (frg.
348 1272 400 1336 39.
419 1271 463 1335 40
482 1268 538 1358 K.)

201 1441 234 1488 15
364 1409 580 1490 Μνησίλοχος
602 1403 642 1474 δὲ,
663 1404 788 1482 ἐκεῖνος
810 1405 932 1488 φρύγει
955 1428 986 1468 τι
1011 1404 1119 1489 δρᾶμα
1144 1405 1263 1471 καινὸν

366 1512 553 1596 Εὐριπίδου
576 1511 630 1577 καί
653 1514 834 1596 Σωκράτης
857 1512 896 1576 τὰ
920 1506 1065 1595 φρύγαν’
1092 1512 1305 1595 ὑποτίθησιν.

256 1658 291 1722 οί
316 1653 351 1721 δὲ
371 1659 410 1721 τά
434 1656 513 1741 μέλη
534 1655 623 1743 αὐτῷ
648 1673 731 1737 φασι
751 1659 1003 1738 Κηφισοφῶντα
1021 1665 1130 1719 ποιεῖν
1150 1652 1171 1737 ἣ
1194 1656 1408 1738 Τιμοκράτην

252 1758 411 1843 Ἀργεῖον.
436 1760 517 1842 φασί
534 1759 569 1827 δὲ
584 1762 687 1826 αὐτὸν
702 1761 757 1826 καί
767 1762 948 1844 ζωγράφον
962 1761 1120 1844 γενέσθαι
1134 1759 1189 1826 καί
1204 1761 1410 1827 δείκνυσθαι

346 1926 416 1974 6-8
444 1919 545 1989 ἤσκησε
562 1961 567 1972 .
585 1927 718 1988 ,νικῆσαι
747 1935 800 1973 om.
822 1918 848 1971 G
943 1923 958 1970 6
983 1916 1097 1990 ἤσκησε]
1125 1917 1254 1974 ἔσκ..αν
1274 1919 1306 1972 Ε
1329 1921 1334 1988 Ι
1360 1919 1411 1974 καλ

257 2000 369 2070 πυγμὴν
383 1998 491 2067 Nauck,
510 1998 580 2052 haee
599 1999 684 2052 verba
702 1998 765 2052 fort.
782 1997 902 2051 delenda
975 2003 989 2050 7
1005 1999 1092 2051 αὐτοῦ
1107 2015 1160 2053 om.
1176 1999 1240 2053 EF
1254 2002 1259 2068 Ι
1274 1999 1414 2070 λαβόντες

258 2083 289 2136 Ε
303 2083 307 2151 Ι
324 2078 567 2151 στεφανηφόρους]
582 2077 755 2149 νικηφόρους
769 2079 832 2133 EF
898 2083 959 2146 Ssq.
975 2078 1116 2147 ἀναγνούς
1131 2077 1162 2133 δὲ
1181 2077 1226 2132 ἐπί
1245 2077 1414 2152 τραγῳδίαν

258 2159 376 2232 ἐτράπη]
391 2159 540 2233 (ἐτρά>πη
555 2157 586 2215 δὲ
601 2159 646 2213 ἐπί
660 2157 819 2231 τραγῳδίαν
839 2159 863 2213 O
929 2164 944 2212 9
958 2157 1058 2232 πολλὰ]
1073 2176 1135 2212 cum
1146 2158 1254 2214 Thoma
1268 2159 1414 2230 Magistro

258 2240 368 2309 Nauck,
386 2241 505 2303 πολλοὺς
522 2239 588 2293 libri
605 2245 608 2307 Ι
624 2240 789 2308 προσεξεῦρε
809 2239 877 2305 OE,
900 2239 1047 2307 προεξεῦρε
1066 2240 1193 2295 ABFG
1214 2243 1218 2309 Ι
1238 2238 1413 2313 προλόγους]

258 2320 357 2392 λόγους
385 2322 476 2377 ABG
503 2324 507 2389 Ι
538 2321 586 2375 καί
615 2319 795 2390 φυσιολογίας
823 2320 884 2374 EG
980 2325 1013 2373 10
1041 2320 1088 2373 καί
1116 2317 1261 2390 ῥητορείας
1290 2320 1331 2387 G,
1375 2323 1416 2384 ὡς

260 2399 405 2472 ῥητορείας
432 2403 462 2456 F
485 2401 489 2474 Ι
514 2401 743 2471 ἀναγνωρισμούς
770 2417 823 2455 om.
853 2400 974 2454 CEFG
999 2404 1003 2469 Ι
1028 2400 1065 2461 ὡς
1092 2400 1128 2470 δὴ
1160 2399 1298 2470 ἀκουστὴς
1332 2400 1415 2471 γενό-

260 2502 342 2551 μενος
361 2485 400 2550 A,
428 2483 465 2544 ὡς
483 2481 659 2551 ἀνακουστὴς
682 2478 831 2550 γενόμενος
849 2482 890 2547 B,
918 2481 954 2542 ὡς
972 2480 1112 2549 ἀκροατὴς
1136 2480 1284 2549 γενόμενος
1303 2483 1345 2547 G,
1375 2483 1416 2544 ὡς

260 2561 408 2633 γενόμενος
427 2562 563 2631 ἀκουστὴς
584 2563 613 2627 O,
632 2560 781 2630 γενόμενος
799 2562 835 2627 Ε,
854 2561 891 2615 ἀκ
906 2601 912 2615 .
928 2603 933 2614 .
950 2602 955 2613 .
973 2605 977 2614 .
993 2558 1030 2622 ὣς
1048 2558 1196 2629 γενόμενος
1216 2561 1245 2614 F
1322 2567 1354 2614 11
1366 2579 1410 2631 sq.

260 2641 444 2713 πρωταγόρου
467 2643 514 2696 καί
534 2640 693 2710 σωκράτους
711 2640 819 2707 ἑταῖρος
830 2684 835 2695 .
847 2643 927 2695 δοκεῖ
944 2639 975 2693 δὲ·
990 2641 1065 2694 αύτῶ
1080 2642 1111 2695 Ε
1115 2641 1154 2706 F,
1178 2638 1347 2709 πρωταγόρα
1362 2644 1415 2696 καί

262 2723 422 2791 σωκράτους
441 2721 532 2790 ίτερος
550 2719 581 2775 δὲ
601 2720 641 2790 (δὲ
660 2720 779 2775 inseruit
797 2739 832 2775 m.
849 2727 864 2774 2
879 2737 952 2789 quae
971 2719 1002 2773 δὲ
1022 2722 1086 2789 post
1104 2721 1183 2774 δοκεῖ
1201 2720 1318 2774 erasisse
1334 2721 1414 2776 vide-

262 2807 317 2871 tur)
337 2805 417 2856 δοκεῖ
433 2803 508 2855 αύτῶ
526 2803 559 2867 G,
578 2800 761 2870 πρωταγόρου
780 2801 828 2854 καί
848 2800 1007 2868 σωκράτους
1022 2799 1131 2868 ἑταῖρος
1145 2799 1176 2854 δὲ
1191 2802 1271 2854 δοκεῖ
1283 2802 1361 2856 αύτῶ
1376 2806 1416 2868 A,

262 2881 429 2951 πρωταγόρα
449 2881 591 2951 σωκράτης
609 2881 640 2937 δὲ
660 2880 751 2948 ἕτερος
770 2882 845 2935 αὐτῶ
864 2882 944 2935 δοκεῖ
961 2882 988 2935 Β
1005 2883 1009 2949 Ι
1026 2878 1214 2948 Πρωταγόρου
1230 2926 1235 2935 .
1251 2880 1363 2948 ἑταῖρος
1381 2882 1416 2936 δὲ

264 2966 344 3017 δοκεῖ
357 2963 432 3035 αύτῷ
446 2964 494 3017 καί
509 2961 661 3031 Σωκράτης
676 2961 690 3015 ό
706 2960 861 3030 φιλόσοφος
880 2959 1025 3031 γεγονέναι
1040 2962 1088 3014 καί
1104 2959 1340 3030 συμπεποιηκίναι
1358 2962 1416 3016 κτὲ.

264 3042 397 3112 Elmsley,
421 3039 717 3113 Πρωταγόρου.δοκεῖ
738 3039 769 3097 δὲ
789 3042 863 3113 αύτῷ
887 3042 935 3095 καί
955 3039 1141 3109 Σωκράτηςδ
1166 3039 1322 3109 φιλόσοφος
1346 3059 1415 3112 συμ-

263 3123 448 3194 πεποιηκόναι
462 3123 517 3179 κτὲ.
532 3122 562 3177 Ε.
572 3122 713 3176 Schwartz
787 3128 819 3174 12
836 3121 850 3176 ό
866 3118 1020 3190 φιλόσοφος
1034 3137 1086 3174 om.
1104 3121 1198 3176 EFG
1268 3128 1300 3175 13
1315 3140 1417 3192 μνησι-

264 3203 345 3274 λόγος
364 3206 400 3272 Ε,
419 3202 589 3274 μνησολόγος
609 3203 635 3256 G
650 3206 655 3272 Ι
671 3200 855 3272 πεποιηκέναι
874 3205 902 3257 Β
976 3207 1079 3255 13-18
1098 3199 1162 3255 τινά
1178 3244 1182 3254 .
1201 3197 1338 3270 ,Ἀργεῖον
1359 3219 1414 3257 om.

266 3286 301 3352 G,
320 3283 357 3346 ὣς
372 3327 377 3338 .
394 3280 530 3354 ,Ἀργεῖον
549 3300 602 3338 om.
623 3283 687 3337 EF
765 3289 797 3336 15
817 3281 832 3336 δ
851 3279 1030 3353 Μνησίλοχος
1048 3279 1077 3336 δ’
1098 3282 1216 3336 ἐκεινοσί
1237 3281 1280 3334 vel
1301 3280 1414 3352 Μνησί-

266 3368 347 3435 λοχος
370 3360 451 3426 οὗτός
474 3365 548 3419 ἐστιν
572 3361 603 3427 δς
625 3362 768 3431 Meineke,
793 3360 970 3433 Μνησίλοχός
997 3357 1054 3417 ἐστ’
1080 3362 1185 3423 ἐκεῖνος
1213 3360 1243 3425 ὃς
1266 3360 1391 3416 Dindors
1410 3367 1412 3433 Ι

266 3445 379 3515 φρύγει]
398 3439 526 3512 Dindor'f‚
545 3444 680 3513 φρύγειον
695 3446 731 3511 A,
751 3448 886 3512 φρύγειον
905 3444 932 3497 Β
1007 3448 1039 3495 16
1059 3439 1206 3510 εάριπίδου
1226 3444 1262 3509 B,
1281 3441 1414 3514 εύριπίδη

266 3529 292 3580 A
310 3529 314 3595 Ι
331 3523 473 3593 σωκράτου
493 3527 520 3578 B
541 3527 545 3593 Ι
566 3524 600 3578 τὰ
619 3523 752 3595 φρύγανα
772 3525 812 3591 Β,
836 3541 888 3577 om.
908 3526 935 3577 A
952 3525 956 3592 Ι
974 3521 1115 3591 Φρυγικόν
1134 3542 1160 3576 τι
1184 3523 1284 3577 καινὸν
1304 3521 1416 3593 Μνησί-

265 3609 347 3677 λοχος
365 3605 485 3660 ἐκεινοσί
504 3606 551 3658 καί
571 3604 723 3674 Σωκράτης
741 3600 827 3672 δρᾶμ’
843 3600 995 3671 ὑποτίδησ’
1013 3600 1155 3674 Εὐριπίδη
1175 3602 1273 3669 Bothe,
1293 3602 1308 3657 δ
1329 3607 1414 3675 Μνη-

268 3684 376 3756 σίλοχος
399 3682 428 3741 δ”
455 3685 574 3740 ἐκεινοσί
601 3685 738 3754 φρύγουσι
767 3685 925 3754 (φρύγοντι)
952 3688 1046 3752 δρᾶμα
1071 3683 1172 3736 καινὸν
1198 3681 1338 3755 Εὐριπίδη
1368 3687 1419 3739 καί

267 3765 412 3833 Σωκράτει
430 3766 465 3820 τὰ
485 3762 609 3837 φρύγαν’
625 3763 777 3834 ὑποτίθησι
793 3764 942 3831 Ττὶλπεοίιο,
962 3763 1011 3819 cfr.
1026 3762 1107 3833 Diog.
1123 3762 1214 3817 Laert.
1230 3763 1255 3816 ΙΙ
1270 3769 1303 3816 18
1323 3763 1419 3820 ἐδόκει

268 3847 298 3900 δὲ
313 3846 485 3916 (Σωκράτης)
500 3854 646 3916 συμποιεῖν
662 3843 802 3918 Εὐριπίδη
815 3888 820 3899 .
831 3842 902 3900 ὅθεν
917 3841 1095 3914 Μνησίλοχος
1108 3840 1304 3914 (Μνησίμαχος
1318 3843 1419 3900 Mena·

268 3926 340 3995 gius,
354 3926 457 3980 rectius
476 3923 658 3996 Τηλεκλείδης
671 3924 805 3994 Elmsley)
823 3923 894 3979 οὕτω
910 3922 990 3994 φησί·
1008 3923 1113 3994 φρύγες
1126 3924 1182 3979 ἐστί
1200 3923 1302 3978 καινόν
1322 3925 1420 3995 δρᾶμα

268 4003 345 4061 τοῦτ’
367 4004 534 4075 Εὐριπίδου,
558 3999 646 4078 ᾦκαί
665 4005 818 4076 Σωκράτης
836 4006 870 4060 τόν
894 4000 1019 4075 φρύγαν’
1040 4002 1209 4073 ὑποτίθησιν
1228 4001 1309 4073 (ὅθεν
1332 4010 1420 4076 Τηλε-

269 4085 389 4157 κλείδης·
405 4084 584 4159 Μνησίλοχός
603 4082 659 4142 ἐστ’
676 4086 783 4150 ἐκεῖνος
801 4085 832 4150 ὃς
851 4086 951 4156 φρύγει
969 4106 995 4139 τι
1014 4083 1068 4139 κτέ.
1089 4083 1219 4154 Dindorf)
1293 4092 1325 4139 17
1346 4089 1419 4155 φασί

270 4168 492 4240 Κηφισοφῶντα]
507 4164 647 4232 Welcker,
666 4168 754 4236 φασίν
773 4167 900 4234 ίοφῶυτα
915 4167 984 4231 AB,
1004 4165 1091 4234 φασίν
1107 4173 1249 4233 οιοφῶυτα
1265 4166 1294 4220 D
1310 4169 1314 4234 Ι
1335 4170 1421 4235 Τιμο-

270 4248 387 4320 κράτην]
411 4248 597 4318 Δημοκράτην
621 4247 721 4300 Nauck
749 4247 782 4301 cl.
807 4246 893 4301 schol.
918 4246 948 4299 in
971 4246 1102 4300 Androm.
1127 4250 1179 4298 445
1204 4245 1359 4313 εἰλικρινῶς
1387 4249 1420 4302 δὲ

269 4331 335 4391 τοὺς
347 4337 397 4383 τοῦ
411 4328 553 4398 δράματος
566 4327 685 4398 χρόνους
698 4328 750 4382 οὐκ
765 4328 821 4382 ἔστι
837 4329 944 4398 λαβεῖν·
965 4328 998 4380 ού
1013 4323 1176 4380 δεόίδακται
1192 4325 1244 4395 γάρ
1254 4324 1418 4397 Ἀθήνησιν·

270 4409 285 4465 ό
305 4412 335 4465 δὲ
352 4408 528 4479 Καλλίμαχος
547 4409 737 4478 ἐπιγραφῆναι
757 4410 825 4478 φησί
845 4416 877 4478 τὴ
896 4405 1037 4481 τραγῳδίᾳ
1052 4407 1239 4477 Δημοκράτην
1300 4414 1333 4460 18
1349 4410 1421 4477 φασί
