3052 4934
593 305 771 355 ΤΡΩΙΑΔΕΣ

128 466 205 528 AN.
245 462 396 548 ἀγόμεθα
420 467 492 531 λειά
515 469 580 532 σὺν
602 465 724 552 τέκνῳ,
747 467 784 530 τὸ
809 462 839 529 δ’
862 462 994 549 εὐγενὲς

244 570 277 649 ἐς
300 573 423 637 δοῦλον
446 573 533 656 ἥκει,
558 574 740 658 μεταβολάς
762 569 898 636 τοσάσδ’
921 575 1008 655 ἔχον.

128 682 200 742 ΕΚ.
245 679 283 743 τὸ
307 687 364 761 τῆς
387 677 533 764 ἀνάγκης
556 682 681 745 δεινόν·
706 681 780 764 ὄρτι
802 674 878 744 κάπ’
901 678 982 764 ἐμοῦ

244 782 356 869 βέβηκ’
379 784 633 853 ἀποσπασθεῖσα
656 787 840 870 Κασάνδρα
863 788 929 873 βίμ.

128 896 203 957 AN.
244 902 310 974 φεῦ
333 903 413 977 φεῦ·

244 1001 343 1078 ἄλλος
365 1024 415 1078 τις
438 1008 539 1084 Αῖας,
562 1004 606 1079 ὡς
630 1004 732 1084 ἔοικε,
757 1002 910 1084 δεύτερος

245 1109 364 1185 παιδὸς
386 1107 514 1194 πέφηνε
538 1119 611 1192 σῆς
635 1121 745 1187 νοσεῖς
769 1106 806 1174 δὲ
828 1112 957 1196 χᾶτερα.

127 1219 198 1280 ΕΚ.
244 1211 293 1280 ὧν
316 1213 348 1300 γ’
371 1218 447 1282 οὔτε
472 1215 593 1302 μέτρον
617 1216 687 1281 οὔτ’
710 1216 854 1302 ἀριθμὸς
876 1219 945 1281 ἔστι
968 1237 1038 1301 μοι·
1119 1231 1121 1233 ’

244 1332 333 1412 κακῷ
357 1325 460 1389 κακὸν
484 1326 547 1408 γάρ
571 1325 618 1401 εἰς
641 1325 784 1409 ἅμιλλαν
807 1327 943 1407 ἔρχεται.

128 1435 204 1494 AN.
246 1431 389 1516 τέθνηκέ
411 1450 465 1498 σοι
488 1443 565 1509 παῖς
587 1433 669 1514 πρὸς
692 1430 984 1520 τάφῳιΠολυξένη

244 1536 400 1623 σφαγεῖσ’
424 1536 612 1624 Ἀχιλλέως,
635 1541 746 1622 δῶρον
769 1539 885 1627 ἀψύχῳ
909 1548 1025 1627 νεκρῷ.
1050 1564 1054 1569 ·

130 1649 201 1709 ΕΚ.
249 1647 283 1710 ολ
301 1644 363 1729 ’γὼ
388 1648 536 1713 τάλαινα.
581 1645 667 1712 τοῦτ’
692 1643 790 1711 ἐκεῖν’
811 1647 830 1710 ὅ
853 1670 910 1731 μοι
933 1647 1034 1712 πάλαι

248 1756 441 1838 Ταλθύβιος
464 1749 590 1839 αἴνιγμ’
612 1755 653 1819 οὐ
677 1766 792 1839 σαφῶς
815 1749 907 1820 εἶπεν
930 1753 1040 1839 σαφές.

128 1865 203 1926 AN.
245 1857 339 1926 εἶδόν
362 1886 418 1927 νιν
441 1862 523 1945 αὐτὴ
546 1862 719 1945 κάποβᾶσα
743 1856 842 1927 τῶνδ’
864 1864 953 1947 ὄχων

247 1972 375 2054 ἔκρυψα
399 1969 536 2046 πέπλοις
558 1968 796 2054 κάπεκοψάμην
819 1973 948 2055 νεκρόν.

128 2079 199 2139 ΕΚ.
246 2079 330 2158 αιάῖ,
355 2079 489 2158 τέκνον,
514 2086 582 2141 σῶν
606 2077 752 2143 ἀνοσίων
775 2078 1059 2162 προσφαγμάτων·

244 2185 317 2248 αἰαῖ
337 2178 411 2268 μάλ’
435 2179 551 2265 αὖθις,
574 2183 619 2260 ὡς
642 2194 750 2259 κακῶς
774 2184 956 2247 διόλλυσαι.

128 2295 201 2357 ΑΝ.
243 2293 370 2356 ὄλωλεν
393 2291 438 2368 ὡς
462 2293 602 2372 ὄλωλεν,
627 2289 698 2355 ἀλλ’
721 2290 810 2373 ὅμως
833 2290 914 2374 ἐμοῦ
993 2278 995 2280 V

244 2400 346 2481 ζώσης
369 2394 400 2482 γ’
423 2399 549 2463 ὄλωλεν
573 2396 797 2485 εὐτυχεστέρῳ
821 2400 944 2484 πότμῳ.

128 2510 197 2570 ΕΚ.
244 2506 285 2570 οὐ
307 2506 445 2587 ταύτόν,
469 2500 495 2570 ὦ
518 2516 592 2587 παῖ,
616 2513 661 2591 τῷ
684 2504 820 2589 βλέπειν
843 2506 880 2569 τὸ
905 2511 1104 2570 κατθανεῖν·

242 2615 280 2679 τὸ
304 2609 364 2697 μὲν
388 2615 451 2699 γάρ
476 2612 593 2695 οὐδέν,
617 2620 663 2700 τῷ
688 2606 717 2676 δ’
740 2614 865 2677 ἔνεισιν
888 2611 1026 2689 ἐλπίδες.

127 2717 216 2794 ΑΝ.ι
242 2725 283 2811 [ὦ
307 2739 408 2815 μῆτερ
433 2726 459 2795 ὦ
483 2738 639 2811 τεκοῦσα,
663 2729 840 2794 κάλλιστον
864 2733 979 2814 λόγον]

243 2839 405 2926 ἄκουσον,
430 2838 475 2914 ὥς
498 2855 552 2901 σοι
575 2834 693 2920 τέρψιν
716 2835 848 2921 ἐμβαλῶ
873 2839 980 2922 φρενί.

243 2947 279 3009 τὸ
303 2946 347 3029 μὴ
371 2941 530 3027 γενέσθαι
552 2952 599 3031 τῷ
622 2950 742 3009 θανεῖν
765 2950 843 3009 ῖσον
868 2942 967 3029 λέγω,

246 3061 306 3116 τοῦ
331 3055 388 3136 ζῆν
412 3048 448 3116 δὲ
472 3057 606 3136 λυπρῶς
628 3054 784 3136 κρεῖσσόν
808 3052 877 3117 ἐστι
902 3059 1093 3118 κατθανεῖν.

246 3158 357 3243 [ἀλγεῖ
377 3160 440 3243 γάρ
465 3156 566 3225 οὐδὲν
588 3171 654 3225 τῶν
677 3172 787 3225 κακῶν
810 3158 1030 3245 ᾐσθημένος]

246 3266 263 3330 ὁ
289 3263 319 3330 δ’
341 3267 526 3351 εὐτυχήσας
548 3266 582 3344 ές
603 3271 639 3332 τὸ
664 3263 824 3352 δυστυχὲς
846 3269 957 3333 πεσὼν

244 3376 354 3457 ψυχὴν
378 3373 495 3439 άλᾶται
518 3382 575 3457 τῆς
598 3373 738 3457 πάροιθ’
761 3373 946 3458 εὐπραξίας.

244 3485 336 3564 κείνη
360 3478 389 3545 δ’
412 3480 536 3565 δμοίως
559 3482 669 3568 ὥσπερ
693 3481 755 3547 οὐκ
778 3483 897 3548 ἰδοῦσα
920 3493 992 3565 φῶς

200 3735 251 3782 615
271 3726 385 3783 τοσάσδ’
408 3732 442 3797 Ρ,
461 3727 571 3783 τοιάσδ’
597 3731 620 3784 0
693 3735 744 3782 617
764 3727 926 3796 κασσάνδρα
942 3746 976 3797 μ,
1000 3727 1162 3796 κασάνδρας
1179 3728 1213 3781 Ν

112 3814 162 3863 620
182 3808 239 3864 ἐστι’
257 3831 299 3873 τις
318 3810 419 3864 Christ.
439 3814 497 3879 pat.
516 3818 550 3864 41
641 3817 691 3863 621
711 3816 788 3882 κακῷ
808 3820 902 3864 κακῶν
922 3812 949 3863 P
1033 3816 1084 3863 623
1103 3806 1218 3879 ἀγιλέως
1236 3809 1263 3862 Β

164 3897 215 3943 624
234 3888 264 3944 ολ
281 3891 334 3960 ἐγὼ
354 3892 430 3959 ΒΝ,
450 3892 478 3945 οἳ
498 3890 551 3961 (οἳ)
571 3891 623 3960 ἐγὼ
645 3893 698 3946 GP
722 3893 726 3960 Ι
751 3887 828 3944 τοῦτ’
851 3891 915 3956 GP,
940 3898 990 3943 τοῦ
1010 3892 1076 3943 ΒΝ
1099 3893 1103 3958 Ι
1128 3886 1212 3944 ἐκεῖν’
1236 3886 1262 3959 ὃ]

112 3970 174 4038 Fix,
203 3971 293 4025 ἐκεῖνο
319 3971 385 4024 libri
477 3979 528 4025 626
548 3969 607 4025 εἷπε
631 3974 653 4025 0
743 3977 794 4024 626
818 3970 889 4040 αὐτὴ
914 3972 1063 4042 κάποβᾶσα
1083 3971 1149 4037 ΟΡ,
1175 3969 1264 4038 αὐτὴν

112 4052 242 4123 άποβᾶσα
262 4053 329 4106 ΒΝ
413 4059 464 4105 623
484 4058 573 4125 νεκρῷ
598 4053 645 4106 Ge.
666 4051 779 4104 Schmitl
867 4057 918 4105 628
938 4049 1042 4106 τέκνων
1061 4052 1127 4104 ΒΝ
1149 4052 1153 4122 1
1178 4068 1261 4116 προσ·

113 4132 284 4202 σφαγμάτων
304 4134 371 4187 ΒΝ
441 4140 492 4187 632
512 4134 543 4187 τὸ
562 4132 674 4204 βλέπειν
691 4133 757 4186 ΒΝ
822 4137 873 4184 633
893 4132 1001 4186 όλνεισιν
1016 4134 1049 4185 Ν
1110 4138 1161 4184 634
1181 4148 1264 4198 quem

113 4230 165 4268 om.
186 4216 221 4280 P,
240 4212 345 4266 delevit
364 4213 502 4268 Matthiae
522 4215 609 4283 (Stob.
630 4213 654 4267 fl.
676 4218 735 4280 120,
748 4219 764 4285 1
786 4211 900 4265 exhibet
918 4218 970 4265 636
981 4230 1030 4281 sq.‚
1050 4211 1172 4265 Dindorf
1189 4209 1265 4264 delet

114 4298 227 4363 t3tsq.)
302 4300 353 4347 635
377 4292 420 4357 οἶς
444 4313 487 4348 σοι
512 4295 555 4348 vel
575 4286 596 4367 ᾦ
616 4312 658 4347 σοι
678 4293 787 4348 Seidler
803 4297 806 4363 Ι
824 4292 931 4364 ἐμβαλῶ
952 4296 1025 4347 Pet
1044 4293 1195 4356 Stobaeus‚
1219 4290 1265 4356 έμ-

114 4373 187 4445 βάλω
209 4377 232 4427 0
311 4381 363 4428 633
383 4375 495 4442 delevit
515 4372 672 4444 ι’γσθημένος
691 4377 718 4428 Ρ
736 4371 930 4442 ἠσθημένοςμ
1009 4378 1059 4425 611
1080 4371 1172 4439 ἐκείνη
1193 4371 1264 4438 ΒΝ,

112 4451 200 4525 ’κείνη
222 4456 263 4526 Ol
280 4454 370 4524 ὥσπερ
391 4458 451 4525 GP,
471 4458 507 4518 ὡς
526 4456 597 4523 ΒΝ,
618 4455 705 4509 schol.
726 4453 816 4523 ὥσπερ
836 4454 873 4524 μὴ
893 4455 992 4508 ἰδοῦσα
