3044 4942
235 284 274 338 VI

321 444 431 500 Codicis
449 447 476 500 A
499 461 586 514 quam
613 443 855 499 accuratissimam
877 443 1057 500 collationem
1076 447 1109 498 ut
1127 444 1270 513 quondam
1289 443 1381 499 amico

232 551 283 590 suo
302 533 427 601 Priamo,
455 534 497 589 ita
519 534 589 589 mihi
612 550 724 604 quoque
747 549 857 587 summa
879 533 1052 589 liberalitate
1076 532 1214 588 concessit
1238 532 1380 588 Carolus

232 623 387 692 Dilthey,
416 622 461 676 cui
489 622 576 679 etiam
603 622 657 677 hoc
684 622 746 676 loco
773 621 910 677 maximas
934 639 987 692 ago
1011 621 1126 693 gratias
1163 621 1254 676 Huius
1273 622 1379 676 codicis

231 712 354 767 maiores
376 715 471 782 partes
494 711 618 783 inspexit
641 711 727 767 etiam
746 711 841 780 Prinn,
865 711 914 780 qui
935 714 1083 782 practerea
1105 710 1192 766 libros
1211 711 1293 766 Εαθ
1315 729 1380 766 con·

232 801 308 856 tulit.
350 801 391 856 De
419 801 528 856 duobus
553 801 623 857 locis
647 799 715 855 libri
738 802 764 854 A
791 799 998 856 dubitationem
1022 800 1093 854 mihi
1118 800 1239 871 benigne
1265 800 1381 855 sustulit

231 891 264 946 D.
283 890 446 946 Riocoboni.
488 890 586 946 Libros
610 890 769 960 BLP(cd)
794 889 916 945 contulit
936 890 970 945 H.
985 889 1086 944 Hinolr.
1124 889 1242 944 Accedit
1264 889 1380 944 collatio

233 980 338 1035 codicis
357 981 384 1035 L
406 997 492 1050 quam
511 979 633 1036 Puntoni
655 978 812 1050 publicavit
833 978 864 1033 in
887 978 969 1033 Studi
993 978 1022 1032 di
1045 978 1126 1034 Filol.
1146 978 1236 1034 Greca
1253 977 1266 1032 I
1284 997 1311 1049 p.
1327 983 1379 1032 823

232 1075 323 1124 -339
347 1074 377 1125 et
399 1086 471 1140 quae
494 1068 630 1124 libromm
653 1067 817 1123 collationes
842 1084 859 1122 a
881 1068 1100 1123 Wilcmowitsio
1123 1066 1154 1122 iir
1171 1068 1214 1123 ed.
1234 1067 1318 1121 huius
1337 1068 1380 1121 fa-

231 1159 317 1214 bulae
336 1175 360 1214 a
381 1164 449 1214 1891
469 1158 598 1230 prolatae
617 1160 690 1213 sunt.
723 1157 870 1212 Lectiones
888 1156 956 1210 libri
974 1158 1008 1212 N
1023 1157 1052 1211 in
1072 1158 1246 1228 Argumeuto
1264 1157 1380 1212 fabulae

232 1248 351 1304 editioni
370 1248 540 1304 scholiorum
563 1247 599 1302 ab
618 1246 749 1301 Eduardo
768 1245 909 1301 Schwartz
928 1250 1109 1317 comparatae
1127 1250 1258 1317 acceptas
1277 1246 1376 1302 refero.
