3008 4942
574 271 766 324 ΦΟΙΝΙΣΣΑΙ

226 433 393 518 γυμνάσιά
415 430 453 497 θ’
476 423 565 498 οἷσιν
589 431 775 517 ἐνετράφην
797 436 923 518 Δίρκης
946 430 982 498 θ’
1004 433 1111 515 ὕδωρ·

227 535 275 607 ὧν
299 541 341 606 οὐ
365 542 500 617 δικαίως
523 537 702 617 ἀπελαθεὶς
724 537 823 623 ξίνην
845 542 945 605 πόλιν

229 651 323 730 ναίω,
347 643 392 713 δι’
414 649 526 712 ὄσσων
548 644 623 731 νᾶμ’
647 649 733 731 ἔχων
757 648 996 732 δακρυρροοῦν.

227 752 293 820 ἀλλ’
317 754 356 820 ἐκ
378 755 442 839 γάρ
465 755 589 837 ἄλγους
611 754 712 837 άλγος
736 748 779 818 αὖ
802 749 839 818 σὲ
863 750 1021 839 δέρκομαι

228 863 312 945 κάρα
335 862 473 947 ξυρῆκες
494 858 549 925 καὶ
572 859 718 937 πέπλους
740 863 962 945 μελαγχίμους

230 971 384 1053 ἔχουσαν,
408 973 497 1053 οίμοι
520 977 588 1032 τῶν
611 965 700 1052 ἐμῶν
723 965 787 1049 ἐγὼ
810 978 930 1032 κακῶν.

228 1075 273 1151 ὡς
297 1075 410 1140 δεινὸν
433 1076 550 1158 ἔχθρα,
573 1082 685 1159 μῆτερ,
709 1075 841 1138 οίκείων
865 1076 974 1157 φίλων

230 1178 299 1266 [καὶ
324 1182 509 1257 δυσλύτους
533 1183 655 1265 ἔχουσα
677 1180 735 1257 τὰς
758 1180 961 1265 διαλλαγάς].

227 1291 262 1352 τί
281 1288 345 1373 γάρ
369 1289 476 1373 πατήρ
500 1310 557 1371 μοι
578 1284 726 1372 πρέσβυς
749 1285 786 1352 ἐν
810 1289 943 1371 δόμοισι
968 1290 1043 1375 δρᾷ,

227 1398 350 1460 σκότον
374 1394 558 1476 δεδορκώς,
580 1395 617 1457 τί
637 1389 673 1459 δὲ
696 1395 891 1478 κασίγνηται
915 1395 992 1471 δύος

226 1498 247 1586 ή
270 1522 338 1567 που
360 1498 516 1566 στένουσι
539 1503 699 1585 τλήμονες
721 1501 831 1586 φυγὰς
853 1499 947 1586 ἐμάς;

112 1620 170 1682 ΙΟ.
224 1627 332 1694 κακῶς
354 1622 446 1681 θεῶν
469 1637 519 1692 τις
543 1616 688 1681 Οἰδίπου
710 1620 844 1702 φθείρει
866 1616 975 1700 γένος·

230 1722 317 1789 οὕτω
341 1724 404 1809 γάρ
427 1719 552 1807 ἤρξατ’,
576 1723 684 1807 άνομα
707 1719 899 1806 μὲντεκεῑν
922 1722 989 1808 ἐμέ,

229 1840 337 1907 κακῶς
360 1826 397 1895 δὲ
420 1838 522 1913 γῆμαι
545 1827 670 1915 πατέρα
693 1831 754 1895 σὸν
776 1833 885 1915 φῦναί
904 1854 938 1895 τε
962 1830 1007 1896 σέ.

230 1936 311 2022 άτδρ
334 1939 370 2001 τί
388 1944 506 2015 ταῦτας
530 1938 584 2001 δεῖ
604 1934 720 2022 φέρειν
743 1937 783 2001 τὰ
805 1948 873 2002 τῶν
895 1944 997 2003 θεῶν.

229 2044 310 2108 ὅταν
334 2041 363 2107 δ’
387 2046 522 2129 ἔρωμαι,
546 2045 592 2128 μή
613 2065 645 2108 τι
669 2044 732 2126 σὴν
757 2045 846 2109 δάκω
870 2041 978 2131 φρένα

227 2147 364 2235 δέδοιχ’,
384 2149 405 2214 ἃ
427 2148 547 2235 χρῄζω·
572 2150 627 2215 διά
649 2153 762 2216 πόθου
787 2145 817 2214 δ’
840 2150 998 2235 ἐλήλυθα.

114 2270 184 2331 170.
227 2263 297 2331 ἀλλ’
322 2264 473 2352 ἐξερώτα,
497 2262 601 2350 μηδὲν
625 2263 735 2343 ἐνδεὲς
758 2269 867 2352 λίπῃς·

228 2371 335 2458 δγδρ
359 2375 402 2438 σὺ
424 2373 549 2455 βούλει,
573 2369 664 2438 ταῦτ’
688 2372 772 2457 ἐμοί,
796 2383 908 2460 μῆτερ,
931 2378 1021 2459 φίλα.

112 2492 171 2554 10.
228 2485 283 2553 καὶ
307 2489 349 2572 δή
373 2484 406 2553 α’
429 2486 539 2574 ἐρωτῶ
563 2499 696 2575 πρῶτον
719 2484 768 2555 ὧν
791 2489 896 2577 χρῄζω
921 2501 1044 2574 τυχεῖν,

226 2599 263 2660 τί
281 2595 319 2659 τὸ
343 2592 521 2681 στέρεσθαι
543 2597 719 2681 πατρίδος;
742 2592 763 2680 ή
786 2598 888 2662 κακὸν
912 2594 1010 2680 μέγας

113 2716 184 2776 ΠΟ.
225 2708 396 2796 μέγιστον·
419 2713 506 2800 ἐργφ
531 2707 560 2776 δ’
584 2708 652 2777 ἐστὶ
676 2715 787 2797 μεῖζον
810 2711 830 2796 ἢ
855 2715 950 2803 λόγῳ.

111 2830 169 2892 10.
225 2828 276 2904 τίς
297 2825 316 2892 δ
340 2828 462 2913 τρόπος
485 2825 603 2911 αὐτοῦ,
627 2831 662 2892 τί
683 2828 831 2912 φυγάσιν
853 2831 890 2895 τὸ
914 2828 1088 2915 δυσχερές;
1186 2849 1239 2896 εοο

113 2948 183 3009 ΠΟ.
226 2945 262 3010 ἓν
285 2940 347 3030 μὲν
370 2941 537 3028 με’γιστον,
562 2943 625 3009 οὐκ
647 2945 713 3027 ἔχει
735 2947 934 3031 παρρησίαν.

112 3063 170 3125 10.
229 3060 354 3126 δούλου
378 3055 446 3124 τόδ’
470 3054 576 3142 εἶπας,
598 3061 642 3143 μή
667 3058 776 3143 λέγειν
799 3060 893 3137 ἅτις
916 3072 1043 3146 φρονεῖ.

97 3231 307 3239 nnn—*m

182 3364 234 3413 388
254 3358 380 3430 ἐτράφην
399 3360 447 3427 L}
467 3358 516 3432 θ’]
535 3357 564 3414 δ’
586 3361 614 3415 Β
686 3366 739 3414 370
758 3358 839 3431 νᾶμ’]
858 3360 1016 3431 Musgrave,
1036 3357 1096 3430 αἷμ’
1113 3362 1153 3429 L,
1174 3359 1239 3430 ὄμμ’

94 3442 323 3509 τΙδακρυροοῦν
342 3439 416 3508 AB,
435 3442 612 3508 δακρύρροον
630 3438 752 3509 Blaydes
843 3447 893 3494 371
914 3441 1016 3511 άλγους
1035 3458 1120 3511 supra
1138 3440 1244 3495 lineam

94 3519 159 3572 add.
175 3522 202 3575 A
293 3525 345 3573 372
364 3520 428 3574 fort.
448 3518 556 3587 κουρὰν
574 3518 692 3589 ξυρήκη,
711 3520 759 3574 cfr.
779 3520 837 3575 Alc.
858 3523 931 3590 4371
957 3521 1074 3590 ξυρηκες
1092 3524 1124 3575 ut
1142 3520 1197 3576 vid.
1217 3524 1243 3575 A

93 3599 210 3669 ξύρηκες
228 3600 277 3666 A’,
296 3597 413 3669 ξνρηκές
431 3601 496 3666 RS,
516 3600 566 3654 cfr.
587 3599 672 3654 schol.
692 3600 723 3655 τὸ
742 3598 857 3669 ξυρηκές
876 3601 913 3662 ὡς
931 3598 1038 3670 άπηνές
1055 3606 1093 3673 τῷ
1111 3599 1184 3673 τόνῳ

94 3685 145 3734 375
173 3678 187 3733 δ
216 3677 306 3750 στίχος
334 3675 415 3742 οὗτος
443 3679 473 3735 ἐν
500 3698 572 3735 τισιν
602 3681 635 3734 ού
664 3680 778 3749 φέρεται
806 3680 891 3734 schol.
911 3684 975 3749 Aa,
1003 3686 1144 3735 373-378
1168 3680 1244 3736 delet

93 3759 199 3814 Usener
284 3766 336 3814 376
355 3762 463 3829 δώμασι
482 3761 546 3815 ΒΕ
634 3765 685 3814 377
706 3758 867 3830 κασίγνητοι
886 3763 928 3830 Β,
947 3762 1011 3815 fort.
1032 3761 1184 3831 κασιγνήτα

94 3845 146 3893 378
165 3839 184 3908 ή
203 3842 231 3894 Α
253 3844 258 3910 Ι
280 3839 419 3909 τλήμονας
438 3841 549 3894 Brunck
566 3845 571 3911 Ι
587 3848 679 3910 φυγᾶς
697 3841 764 3909 ἐμᾶς
783 3842 876 3896 BEL
895 3858 962 3896 corr.
983 3843 1014 3896 bl
1086 3848 1138 3895 380
1157 3840 1245 3905 οὕτως

93 3922 161 3974 mut.
182 3919 213 3973 in
239 3915 320 3983 οὗτος
338 3922 379 3986 Α,
404 3942 426 3975 ω
453 3937 536 3990 super
562 3942 592 3984 ος
618 3938 669 3975 scr.
684 3922 725 3976 A*
815 3927 867 3975 382
886 3922 957 3990 ἀτὰρ
976 3920 1003 3977 τί
1025 3920 1105 3990 τάδε,
1129 3924 1174 3977 δεῖ
1191 3921 1243 3991 γὰρ

93 3999 191 4068 φέρειν
208 3998 243 4053 τδι
260 4009 310 4054 τοῦ
328 4001 438 4056 θεοῦδ
500 4007 551 4054 383
571 3999 651 4073 ὅταν]
666 4001 838 4070 Heimsoeth,
858 3999 934 4065 ὅπως
951 4000 1018 4055 libri
1082 4007 1133 4055 384
1152 4000 1243 4056 πόνου

94 4097 124 4146 α,
149 4083 172 4133 θ
198 4095 282 4150 super
306 4101 323 4153 ν
349 4097 400 4135 scr.
427 4081 460 4135 αθ
484 4098 557 4149 quae
582 4098 682 4136 manus
707 4080 737 4135 in
763 4099 851 4151 marg.
878 4081 1010 4136 inferiore
1036 4081 1100 4134 add.
1127 4102 1168 4151 γρ.
1195 4081 1243 4136 διὰ

93 4157 189 4213 πίθου
274 4165 326 4213 386
346 4159 440 4232 ταῦτ’]
459 4161 562 4228 Bothe,
582 4159 673 4215 τἀύτ’
691 4162 733 4228 E,
751 4159 829 4215 ταῦτ’
849 4181 865 4216 r
951 4168 1001 4216 387
1020 4162 1053 4216 τὸ
1071 4171 1182 4228 πρῶτον
1201 4161 1242 4232 S!

94 4239 198 4311 τυχεῖν]
219 4243 324 4307 μαθεῖν
344 4241 374 4294 F
443 4246 495 4294 388
515 4240 607 4310 &AG
679 4247 731 4295 390
750 4240 792 4303 τίς
811 4239 839 4296 δ’
861 4242 938 4296 Stob.
958 4242 983 4295 fl.
1004 4247 1047 4308 39,
1069 4247 1100 4293 17
1118 4245 1121 4311 Ι
1138 4240 1243 4310 φυγάσι

96 4319 127 4386 S,
153 4328 259 4389 φυγάσι
282 4321 310 4373 Β
339 4324 344 4390 Ι
374 4321 515 4393 δυσχερές]
539 4343 581 4391 γρ.
605 4323 653 4377 καλ
676 4320 809 4393 δυστυχές
827 4325 867 4390 Α,
891 4319 1022 4392 δυστυχὲς
1045 4321 1133 4376 habet
1157 4320 1244 4375 etiam

95 4398 169 4455 plut.
190 4399 225 4453 de
244 4398 308 4454 exil.
327 4418 355 4470 p.
375 4401 444 4454 605E
