3008 4944
247 303 290 369 60
716 304 919 357 ΕΤΡΠΙΙΔΟΤ

265 473 329 533 ΕΡ.
384 467 475 550 ίδού,
499 467 609 533 διώκω
633 468 692 533 τδν
717 466 798 552 έμὸν
822 466 855 544 ἐς
878 466 1003 550 δόμους
1026 466 1122 531 πόδα.

381 572 512 658 σώθηθ’
536 575 618 640 ὅσον
641 598 678 660 γε
701 572 796 642 τούπ’
820 571 883 659 ἔμ’.
920 578 996 640 ΗΛ.
1021 570 1046 638 δ
1071 573 1153 638 κατὰ
1175 572 1291 658 στέγας
1325 589 1394 638 1346

379 687 472 770 φίλοι
496 684 662 769 ξιφήρεις,
685 680 760 767 οὐχὶ
783 679 990 766 συλλήψεσθ’
1013 683 1135 768 άγραν;

320 842 327 857 .
381 792 415 857 οἳ
436 790 512 874 ἐγώ·
536 793 630 867 τίνας
652 787 767 857 τούσδ’
789 793 926 876 είσορῶ;
952 793 1015 855 ΟΡ.
1039 799 1138 873 σιγᾶν
1161 791 1281 875 χρεών·

378 899 458 983 ήμῑν
480 900 544 984 γὰρ
567 900 671 983 ήκεις,
696 895 771 984 ούχλ
795 902 865 981 σοί,
889 899 1044 983 σωτηρία.

327 1057 334 1071 .
377 1003 488 1092 ἔχεσθ’
511 1009 641 1092 ἔχεσθε·
665 1006 843 1090 φάσγανον
866 1001 904 1070 δὲ
927 1006 1010 1089 πρὸς
1033 1002 1114 1091 δέρη

378 1118 537 1197 βαλόντες
559 1111 751 1198 ἡσυχάζεθ’,
776 1114 821 1191 ὡς
844 1115 916 1198 είδή
940 1113 1016 1178 τόδε
1325 1130 1391 1180 1366

377 1220 568 1304 Μενέλαος,
592 1219 703 1288 οὕνεκ’
725 1222 866 1305 ἄνδρας,
891 1220 931 1286 ού
958 1221 1093 1304 Φρύγας
1115 1222 1253 1307 κακούς,

380 1330 489 1414 εὑρὼν
513 1326 652 1412 ἔπραξεν
676 1321 730 1395 οἷα
754 1332 817 1414 χρή
841 1328 1002 1413 πράσσειν
1024 1329 1154 1406 κακούς.

322 1525 330 1540 .
383 1474 422 1540 ίδι
447 1475 486 1539 ίδι
509 1475 623 1557 φίλαι,
1226 1472 1348 1557 stroph.

376 1581 502 1647 κτύπον
526 1580 683 1665 ἐγείρετε,
707 1580 834 1646 κτύπον
856 1577 912 1645 καὶ
935 1579 1021 1663 βοάν

376 1691 440 1775 πρὸ
464 1689 662 1773 μελάθρων,
686 1689 777 1767 ὅπως
799 1688 817 1754 ὁ
841 1685 1005 1772 πραχθεὶς
1027 1690 1132 1772 φόνος

377 1797 422 1882 μή
446 1797 560 1862 δεινὸν
580 1793 779 1881 Ἀργείοισιν
802 1794 928 1882 ἐμβάλη
952 1799 1075 1881 φόβον,

377 1906 606 1990 βοηδρομῆσαι
629 1905 712 1991 πρὸς
735 1905 862 1988 δόμους
883 1904 1120 1988 τυραννικούς,

374 2009 455 2097 πρὶν
479 2011 605 2097 ἐτύμως
629 2012 690 2077 ι’δω
714 2013 774 2077 τὸν
792 2006 928 2088 ’Ἑλένας
951 2013 1059 2093 φόνον

377 2121 606 2204 καθαιμακτὸν
630 2118 667 2185 ἐν
692 2119 807 2202 δόμοις
830 2121 1000 2203 κείμενον,

376 2226 398 2310 ή
421 2224 476 2292 καὶ
499 2230 602 2311 λόγον
624 2251 686 2292 του
708 2229 909 2307 προσπόλων
932 2227 1137 2310 πυθώμεθα·

374 2335 415 2399 τὰ
438 2332 498 2419 μὲν
522 2337 585 2418 γάρ
609 2329 685 2400 οἶδα
709 2343 901 2418 συμφορᾶς,
924 2335 964 2398 τά
988 2331 1018 2398 δ’
1042 2333 1083 2399 οὐ
1103 2346 1225 2420 σαφῶς.
1322 2351 1388 2400 1366

375 2443 430 2507 διὰ
454 2443 549 2520 δίκας
571 2445 631 2525 ἔβα
655 2449 747 2507 θεῶν

376 2547 507 2632 νέμεσις
531 2548 564 2627 ές
581 2545 728 2614 Ἑλέναν.

378 2658 553 2740 δακρύοισι
575 2658 638 2739 γὰρ
657 2652 790 2721 Ἑλλάδ’
810 2655 942 2721 ἅπασαν
965 2658 1102 2741 ἔπλησε,

375 2766 430 2830 διὰ
453 2765 513 2830 τὸν
537 2764 701 2849 ὀλόμενον
724 2764 886 2848 ὀλόμενον
906 2760 1030 2830 Ἰδαῖον

376 2873 503 2954 Πάριν,
528 2871 564 2947 ὃς
587 2867 682 2953 ἄγαγ’
705 2866 837 2936 Ἑλλάδ’
860 2873 906 2950 είς
921 2869 1036 2939 Ἴλιον.
1325 2887 1388 2937 1366

379 3015 475 3097 Ιάλλδ
498 3027 615 3080 κτυπεῖ
634 3017 698 3098 γάρ
721 3020 853 3100 κλῇθρα
876 3018 1057 3099 βασιλικῶν
1083 3017 1211 3098 δόμων,

330 3171 399 3220 1346
419 3184 449 3237 γε
459 3183 517 3220 ·om.
534 3165 582 3233 ΕΙ
599 3161 657 3236 ἔμ’]
672 3163 831 3233 Τεὶολίοἰυε,
847 3161 908 3234 ἐμοί
922 3164 989 3219 libri
1045 3171 1114 3220 1346
1131 3162 1221 3237 φίλοι]
1237 3164 1340 3233 ἄνδρες
1354 3166 1389 3232 F,

184 3257 188 3263 '
240 3247 303 3302 fort.
329 3256 419 3316 φῶτες
509 3252 578 3301 1347
598 3244 768 3313 οἳ..ελσορῶ
795 3245 826 3299 in
849 3247 928 3300 textu
953 3245 1070 3314 omissa,
1098 3245 1129 3300 in
1151 3261 1240 3317 marg.
1264 3264 1316 3301 scr.
1337 3249 1363 3303 A
1385 3248 1387 3315 Ι

242 3327 309 3398 οΡ.]
330 3329 391 3381 HA.
411 3327 573 3381 Lachmann
634 3331 702 3380 1348
721 3325 799 3396 ἥκεις
817 3344 869 3380 om.
890 3329 926 3394 A,
947 3327 1011 3381 add.
1031 3325 1075 3381 A'
1135 3331 1203 3380 1349
1222 3324 1310 3397 δέρην
1330 3326 1356 3382 G

241 3412 309 3461 1360
327 3406 475 3479 βάλλοντες
494 3408 554 3464 AL
628 3413 696 3461 1363
716 3407 745 3461 in
765 3409 846 3460 textu
865 3406 1013 3473 omissum,
1032 3406 1062 3460 in
1080 3424 1168 3477 marg.
1187 3406 1322 3463 inferiore
1341 3408 1389 3462 οδ-

240 3488 331 3542 ditum
349 3488 437 3543 habet
455 3489 486 3543 Ε
507 3492 511 3558 Ι
537 3485 634 3556 ἔπραξ’
653 3488 679 3542 G
753 3491 821 3540 1363
840 3489 937 3542 notam
957 3487 1043 3556 chori,
1063 3505 1171 3543 eranam
1189 3487 1219 3541 in
1239 3490 1279 3556 A,
1305 3489 1389 3544 ceteri

239 3567 306 3623 libri
324 3568 372 3622 hic
391 3567 558 3636 omiserunt,
578 3567 672 3623 versui
692 3573 759 3622 1361
780 3584 876 3622 omnes
895 3569 1101 3638 praefixerunt,
1121 3568 1242 3624 correxit
1260 3569 1387 3641 Seidleri

239 3647 310 3719 βοὰν
330 3651 370 3717 A,
388 3648 406 3718 ή
426 3666 508 3719 super
527 3648 546 3702 ὰ
565 3667 616 3704 scr.
636 3648 677 3702 A·
702 3649 706 3718 Ι
731 3649 779 3702 καλ
799 3647 882 3719 βοὰν]
903 3647 973 3717 δμοῦ
993 3649 1048 3722 βοᾷ
1068 3647 1143 3702 Weil
1236 3656 1306 3705 1364
1325 3650 1389 3706 fort.

240 3725 315 3790 ὅπως
333 3728 471 3798 άραχθελς
488 3727 595 3797 στόνος,
614 3728 662 3783 cfr.
682 3728 781 3782 Aesch.
797 3728 863 3782 cho.
879 3735 932 3782 330
988 3735 1057 3783 1366
1077 3727 1203 3800 ἐμβάλλει
1221 3733 1249 3786 A
1265 3734 1270 3801 Ι
1287 3729 1389 3804 φόβου]

238 3808 302 3862 fort.
322 3804 424 3863 κλόνον
507 3815 575 3863 1366
596 3810 666 3877 πρὸς
685 3807 780 3871 οἴκους
798 3808 859 3861 EL
938 3815 1005 3863 1367
1025 3802 1129 3882 φόνου]
1148 3810 1249 3877 νεκρὸν
1267 3811 1355 3882 Paley

240 3893 309 3941 1359
323 3896 373 3942 τοῦ
388 3891 454 3942 ante
469 3907 492 3942 ν.
507 3888 594 3944 habet
607 3891 638 3944 Ε
652 3892 656 3958 Ι
672 3887 799 3960 λόγωνθ
815 3891 819 3957 Ι
834 3897 884 3943 τοῦ
899 3889 922 3944 S
935 3891 939 3957 Ι
956 3886 1111 3957 πυθόμεθα
1126 3891 1161 3956 A,
1175 3892 1339 3959 πυθώμεθα
1350 3892 1390 3949 A¹

276 3973 346 4022 1366
363 3967 420 4022 τὰ*
432 4011 437 4022 .
449 4012 455 4022 .
466 3967 523 4022 τὰ*
538 3971 564 4038 (a
578 3972 660 4040 eras.)
674 3971 710 4036 A,
726 3968 778 4032 τὰς
790 4015 793 4023 .
806 4015 810 4024 .
823 3968 873 4032 τὰς
888 3970 929 4024 A'
943 3973 971 4023 et
986 3968 1072 4024 ceteri
1088 3973 1092 4039 Ι
1109 3972 1266 4043 συμφορᾶς]
1282 3972 1389 4043 scripsi,

240 4049 387 4116 συμφορὰς
404 4046 471 4101 libri
490 4048 553 4116 (om.
574 4051 610 4116 A,
630 4067 715 4120 supra
733 4068 758 4105 v.
779 4049 937 4120 suppelevit
956 4049 1007 4119 A¹)
1091 4056 1159 4104 1363
1179 4051 1219 4114 εἰς
1238 4051 1325 4106 etiam
1344 4053 1389 4108 hic

238 4127 304 4182 libri
329 4129 333 4195 Ι
360 4127 387 4190 ἐς
401 4124 520 4182 Ἑλέναν
540 4126 652 4196 φθόνος
669 4130 744 4184 Weil
838 4137 906 4185 1363
925 4129 1003 4185 ἅπαν
1023 4134 1062 4200 A,
1087 4128 1181 4185 πάσαν
1201 4130 1244 4187 A²
1266 4136 1270 4202 Ι
1295 4141 1389 4188 πᾶσαν

239 4205 330 4262 ἔλλάδ’
350 4208 376 4262 G
397 4208 401 4279 Ι
423 4206 539 4276 ἔπλησεν
559 4209 621 4263 EG
695 4216 763 4264 1366
783 4209 866 4282 ἤγαγ’
884 4213 910 4265 L
980 4215 1120 4264 1366-68
1138 4210 1256 4274 τούτους
1275 4212 1307 4267 δὲ
1325 4216 1389 4277 τούς

238 4297 311 4356 τρεῖς
329 4285 439 4358 στίχους
457 4287 508 4342 οὐκ
528 4287 565 4342 ἄν
584 4308 625 4350 τις
643 4288 671 4354 ἐξ
690 4289 802 4360 ἑτοίμου
822 4290 1022 4363 συγχωρήσειεν
1043 4288 1200 4358 Εὐριπίδου
1218 4287 1301 4361 εἶναι,
1319 4293 1388 4348 ἀλλὰ

239 4371 342 4437 μᾶλλον
360 4377 415 4423 τῶν
434 4369 606 4437 ὑποκριτῶν,
625 4368 727 4433 οἵτινες
746 4370 793 4426 ἵνα
812 4374 849 4443 μὴ
868 4375 1073 4427 κακοπαθῶσιν
1092 4369 1148 4425 ἀπὸ
1166 4380 1223 4426 τῶν
1242 4372 1388 4443 βασιλείων

240 4448 334 4518 δόμων
353 4447 560 4519 καθαλλόμενοι
578 4448 802 4519 παρανοίξαντες
822 4452 1021 4522 ἐκπορεύονται
1040 4450 1126 4506 schol.
1183 4457 1252 4506 1366
1272 4455 1388 4521 κλείθρα
