3008 4944
229 246 250 309 6

317 408 479 494 γηραλέος
502 407 539 475 δὲ
561 407 671 475 πέλαν
694 413 848 495 τρίτατον
871 412 957 476 πόδα
980 410 1125 496 βάκτρον
1149 410 1268 495 ἐρείδει

318 515 442 601 αὐχένα
465 520 631 601 φορτίζιον
653 520 756 602 γήραι·
776 521 1012 604 καμπτόμενος.

318 694 423 773 Λάιος
450 694 513 761 ἀπὸ
537 699 659 781 Θηβῶν
685 699 957 781 παραγενόμενος
984 698 1065 762 κατὰ
1092 698 1153 781 τὴν
1176 696 1259 762 ὁδὸν
1283 696 1379 763 ε’θεά-

176 820 210 867 35
230 819 310 867 σατο
335 803 532 886 Χρύσιππον
563 804 623 868 τὸν
654 803 731 869 υίδν
763 812 823 868 τοῦ
853 802 1013 880 Πέλοπος.
1064 805 1186 869 τούτου
1221 802 1379 886 ἐρασθεὶς

229 908 323 991 ἠξίου
347 910 450 975 αὐτὸν
473 908 721 995 παραγενέσθαι
745 911 792 987 είς
815 912 927 994 Θήβας
950 913 1013 976 σὺν
1036 910 1132 998 αὐτῷ.
1185 921 1246 976 τοῦ
1270 907 1307 976 δὲ
1331 911 1377 996 μή

178 1078 180 1081 ,
229 1026 327 1082 τοῦτο
364 1026 499 1101 ποιήσαι
536 1016 764 1101 βουληθέντος
800 1018 948 1101 ἥρπασεν
981 1017 999 1083 ὁ
1032 1018 1137 1094 Λάιος
1173 1018 1285 1102 λάθρα
1317 1027 1380 1083 τοῦ

230 1123 350 1189 ἑαυτοῦ
373 1127 505 1207 πατρός.
551 1123 604 1189 ἐπὶ
627 1126 714 1190 πολὺ
738 1120 775 1189 δέ
798 1124 902 1189 αὐτοῦ
926 1132 1139 1208 θρηνοῦντος
1163 1126 1219 1189 διδ
1237 1126 1299 1208 τήν
1317 1135 1381 1191 τοῦ

228 1231 348 1308 παιδὸς
371 1231 536 1299 ἀπώλειαν
565 1231 707 1316 ὕστερον
735 1234 840 1316 ἔμαθε
869 1231 923 1297 καὶ
952 1233 1074 1316 μαθὼν
1101 1230 1309 1317 κατηράσατο
1333 1241 1381 1319 τῷ

177 1355 213 1402 40
232 1337 334 1402 αὐτὸν
357 1338 510 1404 ἀνελόντι
533 1340 577 1422 μὴ
607 1340 860 1423 παιδοποίησαι,
889 1340 920 1404 εί
943 1334 978 1404 δέ
1005 1348 1105 1405 τοῦτο
1132 1337 1284 1423 γένηται,
1312 1339 1381 1405 ὑπὸ

229 1453 290 1510 τοῦ
312 1443 508 1530 τικτομένου
531 1445 761 1529 ἀναιρεθῆναι.

404 1639 695 1744 Ἀριστοφάνους
721 1659 983 1747 γραμματικοῦ
1010 1645 1200 1728 ὑπόθεσις.

316 1818 542 1902 Ἐπιστρατεία
575 1831 635 1887 τοῦ
668 1824 898 1898 Πολυνείκους
930 1821 1011 1905 μετά
1042 1832 1110 1886 τῶν
1136 1817 1294 1904 Ἀργείων
1327 1821 1382 1887 ἐπὶ

232 1930 344 2011 Θήβας
361 1921 416 1993 καί
434 1928 578 1994 ἀπώλεια
597 1939 664 1994 τῶν
683 1928 840 2011 ἀδελφῶν
856 1931 1085 2005 Πολυνείκους
1103 1925 1155 1992 καὶ
1171 1921 1382 2006 Ἐτεοκλέους

177 2051 211 2100 45
230 2032 285 2100 καὶ
317 2034 463 2112 θάνατος
488 2033 663 2119 Ἰοκάστης.
708 2034 728 2116 ή
758 2037 944 2119 μυθοποιία
978 2045 1083 2100 κεῖται
1111 2031 1187 2118 παρ’
1220 2035 1382 2123 Αίσχύλῳ

232 2141 269 2207 έν
283 2139 385 2207 Ἑπτά
408 2139 460 2207 έπλ
481 2145 592 2226 Θήβας
614 2144 702 2226 πλην
719 2152 777 2228 τῆς
793 2139 982 2225 Ἰοκάστης.
998 2191 1006 2208 .
1022 2192 1028 2206 .
1048 2138 1099 2207 έπί
1121 2141 1381 2226 Ναυσικράτους

231 2250 413 2334 ἀρχοντος.
429 2300 436 2314 .
453 2304 458 2316 .
479 2251 633 2334 δεύτερος
652 2250 904 2332 Εὐριπίδης...
923 2255 1051 2332 καθῆκε
1069 2249 1288 2314 διδασκαλίαν
1302 2247 1380 2335 περὶ

231 2357 362 2421 τούτου.
406 2356 460 2422 καὶ
489 2359 553 2441 γάρ
581 2366 683 2422 ταῦτα
711 2356 729 2421 ὁ
755 2358 923 2440 Οἰνόμαος
950 2353 1005 2421 καλ
1034 2356 1228 2440 Χρύσιππος
1254 2352 1332 2419 καὶ.
1349 2405 1382 2420 ..

231 2462 315 2548 <οὐ>
338 2463 483 2542 σώζεται.
528 2463 546 2529 ὁ
570 2466 668 2549 χορὸς
691 2461 891 2548 συνέστηκεν
919 2462 956 2528 έκ
979 2444 1177 2528 ’Φοινισσῶν
1200 2473 1382 2546 γυναικῶν.

178 2587 212 2636 σο
231 2573 418 2653 προλογίζει
442 2569 479 2637 δὲ
499 2568 658 2654 Ἰοκάστη.

320 2769 424 2818 34-41
444 2766 557 2834 praeter
570 2764 601 2816 Ε
617 2780 671 2818 om.
686 2763 782 2831 Ααθ,
802 2762 918 2819 exhibet
935 2765 1048 2833 praeter
1062 2765 1091 2818 B
1110 2763 1171 2820 cod.
1186 2762 1269 2818 Laut.
1284 2769 1329 2831 32,
1346 2770 1383 2818 33

267 2848 301 2897 84
321 2842 393 2897 κατὰ
411 2843 463 2912 τὴν
482 2843 562 2915 ὁδὸν]
579 2844 639 2914 τήν,
658 2847 723 2913 post
740 2843 815 2913 quod
835 2843 959 2913 spatium
976 2860 1024 2899 sex
1038 2843 1186 2899 literarum
1199 2861 1319 2898 vacuum
1339 2862 1384 2900 re·

231 2924 331 2978 lictum
340 2926 368 2979 B
423 2929 457 2978 39
473 2923 587 2996 μαθὼν]
602 2925 703 2993 μαθὼν
717 2922 833 2993 ὕστερον
847 2925 875 2978 Β
930 2929 1037 2978 42-60
1051 2926 1163 2994 praeter
1176 2923 1207 2979 E
1219 2941 1273 2980 om.
1287 2927 1384 2994 ΑαΒ,

232 3011 266 3058 42
286 3006 315 3058 et
332 3009 438 3058 45-50
456 3004 523 3058 inde
537 3005 573 3059 ab
588 3005 606 3074 η
625 3022 678 3060 om.
700 3006 734 3073 θ,
753 3009 859 3058 42-50
877 3003 996 3073 praebet
1018 3005 1045 3058 V
1060 3008 1090 3058 et
1108 3004 1231 3075 exceptis
1251 3005 1345 3059 verbis
1365 3007 1384 3076 ἡ

232 3083 389 3154 μυθοποιία
400 3127 405 3139 .
416 3129 421 3139 .
432 3130 437 3141 .
450 3082 591 3154 Ἰοκάστης
602 3086 633 3139 F
688 3091 722 3140 43
738 3089 804 3149 ante
819 3081 994 3151 ἐπιστρατεία
1010 3084 1123 3155 supplet
1137 3083 1208 3139 τὸδὲ
1222 3084 1385 3154 κεφάλαιον

232 3181 266 3219 ex
284 3166 398 3234 Argum.
419 3165 503 3235 Soph.
523 3166 587 3220 Ant.
607 3165 849 3234 Trendelenburg,
873 3163 970 3218 malim
992 3165 1024 3219 τὸ
1047 3162 1098 3234 μὲν
1121 3163 1279 3233 κεφάλαιόν
1306 3165 1385 3222 ἐστιν

233 3245 260 3316 (ἡ
279 3243 329 3314 μὲν
348 3244 484 3309 ὑπόθεσις
501 3254 550 3300 τοῦ
569 3244 712 3315 δράματος
730 3246 811 3301 addit
829 3245 990 3316 Kirchhoff)
1008 3248 1012 3319 Ι
1029 3246 1074 3300 ἐπὶ
1092 3254 1126 3316 τη
1146 3244 1275 3313 στρατεία
1297 3247 1363 3301 FV
1379 3251 1383 3320 Ι

231 3333 281 3379 τοῦ
300 3326 396 3381 οαι.Θ
468 3332 502 3380 46
521 3326 538 3396 ἡ
558 3325 715 3396 μυθοποιία
739 3326 799 3382 οοά.
819 3326 883 3381 Vat.
905 3331 974 3381 1135
993 3326 1041 3395 qui
1060 3326 1108 3380 lin.
1124 3331 1230 3380 43-45
1250 3326 1384 3396 ἐπιστρα-

232 3404 291 3460 τεία
367 3415 416 3476 τῆς
430 3404 574 3476 Ἰοκάστης
587 3407 709 3478 exhibet,
728 3407 746 3476 ἡ
765 3406 816 3477 μὲν
834 3405 973 3478 ήθοτιοιία
997 3408 1023 3462 V
1075 3413 1109 3461 46
1123 3407 1229 3478 θήβαις
1248 3408 1292 3480 V}
1309 3410 1385 3479 πλὴν

231 3523 292 3593 τῆς]
311 3521 464 3592 Kirchhoff,
483 3504 566 3577 ulum
580 3524 606 3577 V
688 3529 794 3577 46-48
817 3524 932 3579 lacunas
955 3522 1093 3578 indicavit
1117 3522 1267 3578 Kirchhoff
1347 3532 1384 3579 48

232 3603 296 3658 fort.
316 3604 365 3656 καλ
383 3602 436 3673 γὰρ
455 3606 519 3671 περὶ
537 3603 625 3658 ταδτά
641 3606 645 3674 ί
661 3603 815 3674 χρήσιππος
833 3606 881 3673 ΡΙ
898 3605 932 3659 οδ
952 3622 1006 3659 om.
1026 3603 1101 3672 libri,
1120 3603 1263 3674 supplevit
1280 3604 1384 3659 Kirch·

232 3681 295 3736 hoff
363 3689 397 3737 49
417 3694 559 3752 γυναικῶν
578 3701 630 3738 om.
647 3685 678 3738 F
