<?xml version="1.0" encoding="UTF-8"?>
<!DOCTYPE html PUBLIC "-//W3C//DTD XHTML 1.0 Transitional//EN"
    "http://www.w3.org/TR/xhtml1/DTD/xhtml1-transitional.dtd">
<html xmlns="http://www.w3.org/1999/xhtml" xml:lang="en" lang="en">
 <head>
  <title>
</title>
<meta http-equiv="Content-Type" content="text/html;charset=utf-8" />
  <meta name='ocr-system' content='tesseract 3.04.00' />
  <meta name='ocr-capabilities' content='ocr_page ocr_carea ocr_par ocr_line ocrx_word'/>
</head>
<body>
  <div class='ocr_page' id='page_1' title='image "./euripidisfabula01eurigoog/euripidisfabula01eurigoog_0301.png"; bbox 0 0 3008 4942; ppageno 0'>
   <div class='ocr_carea' id='block_1_1' title="bbox 720 304 923 355">
    <p class='ocr_par' dir='ltr' id='par_1_1' title="bbox 720 304 923 355">
     <span class='ocr_line' id='line_1_1' title="bbox 720 304 923 355; baseline 0.01 -2"><span class='ocrx_word' id='word_1_1' title='bbox 720 304 923 355; x_wconf 71' lang='grc' dir='ltr'>ΕΥΡΙΠΙΔΟΥ</span> 
     </span>
    </p>
   </div>
   <div class='ocr_carea' id='block_1_2' title="bbox 270 455 1166 765">
    <p class='ocr_par' dir='ltr' id='par_1_2' title="bbox 270 455 1166 765">
     <span class='ocr_line' id='line_1_2' title="bbox 384 455 1135 551; baseline -0.001 -20"><span class='ocrx_word' id='word_1_2' title='bbox 384 469 493 551; x_wconf 81' lang='grc' dir='ltr'><strong><em>λόγων</em></strong></span> <span class='ocrx_word' id='word_1_3' title='bbox 516 465 680 550; x_wconf 86' lang='grc' dir='ltr'><strong><em>ἀθροίσας</em></strong></span> <span class='ocrx_word' id='word_1_4' title='bbox 704 459 810 549; x_wconf 84' lang='grc' dir='ltr'><strong><em>εἷπον,</em></strong></span> <span class='ocrx_word' id='word_1_5' title='bbox 834 462 993 530; x_wconf 82' lang='grc' dir='ltr'><strong><em>ἀλλὰκαὶ</em></strong></span> <span class='ocrx_word' id='word_1_6' title='bbox 1017 455 1135 550; x_wconf 93' lang='grc' dir='ltr'><strong><em>σοφοῖς</em></strong></span> 
     </span>
     <span class='ocr_line' id='line_1_3' title="bbox 382 569 1141 657; baseline 0 -20"><span class='ocrx_word' id='word_1_7' title='bbox 382 571 436 638; x_wconf 80' lang='grc' dir='ltr'><strong><em>καὶ</em></strong></span> <span class='ocrx_word' id='word_1_8' title='bbox 458 586 545 639; x_wconf 85' lang='grc' dir='ltr'><strong><em>τοῖσι</em></strong></span> <span class='ocrx_word' id='word_1_9' title='bbox 569 574 712 657; x_wconf 81' lang='grc' dir='ltr'><strong><em>φαύλοις</em></strong></span> <span class='ocrx_word' id='word_1_10' title='bbox 735 569 852 656; x_wconf 81' lang='grc' dir='ltr'><em>ἔνδιχ’,</em></span> <span class='ocrx_word' id='word_1_11' title='bbox 876 573 921 649; x_wconf 81' lang='grc' dir='ltr'><strong><em>ὡς</em></strong></span> <span class='ocrx_word' id='word_1_12' title='bbox 943 570 1017 656; x_wconf 80' lang='grc' dir='ltr'><strong><em>έμολ</em></strong></span> <span class='ocrx_word' id='word_1_13' title='bbox 1041 574 1141 637; x_wconf 80' lang='grc' dir='ltr'><strong><em>δοκεῖ.</em></strong></span> 
     </span>
     <span class='ocr_line' id='line_1_4' title="bbox 270 673 1166 765; baseline 0 -20"><span class='ocrx_word' id='word_1_14' title='bbox 270 686 338 745; x_wconf 85' lang='lat' dir='ltr'><strong><em>XO.</em></strong></span> <span class='ocrx_word' id='word_1_15' title='bbox 383 677 455 764; x_wconf 79' lang='grc' dir='ltr'><strong><em>ἐμοὶ</em></strong></span> <span class='ocrx_word' id='word_1_16' title='bbox 478 678 550 765; x_wconf 85' lang='grc' dir='ltr'><strong><em>μέν,</em></strong></span> <span class='ocrx_word' id='word_1_17' title='bbox 574 681 606 746; x_wconf 92' lang='grc' dir='ltr'><strong><em>εί</em></strong></span> <span class='ocrx_word' id='word_1_18' title='bbox 626 677 682 746; x_wconf 80' lang='grc' dir='ltr'><strong><em>καί</em></strong></span> <span class='ocrx_word' id='word_1_19' title='bbox 704 681 748 765; x_wconf 83' lang='grc' dir='ltr'><strong><em>μὴ</em></strong></span> <span class='ocrx_word' id='word_1_20' title='bbox 772 673 850 744; x_wconf 89' lang='grc' dir='ltr'><strong><em>καθ’</em></strong></span> <span class='ocrx_word' id='word_1_21' title='bbox 867 676 1035 763; x_wconf 78' lang='grc' dir='ltr'><strong><em>Ἑλλήνων</em></strong></span> <span class='ocrx_word' id='word_1_22' title='bbox 1057 683 1166 764; x_wconf 87' lang='grc' dir='ltr'><strong><em>χθόνα</em></strong></span> 
     </span>
    </p>
   </div>
   <div class='ocr_carea' id='block_1_3' title="bbox 268 891 1395 3228">
    <p class='ocr_par' dir='ltr' id='par_1_3' title="bbox 268 891 1395 3228">
     <span class='ocr_line' id='line_1_5' title="bbox 268 891 1162 977; baseline 0 -18"><span class='ocrx_word' id='word_1_23' title='bbox 268 898 336 960; x_wconf 84' lang='grc' dir='ltr'><strong><em>ΕΤ.</em></strong></span> <span class='ocrx_word' id='word_1_24' title='bbox 381 896 413 960; x_wconf 89' lang='grc' dir='ltr'><strong><em>εί</em></strong></span> <span class='ocrx_word' id='word_1_25' title='bbox 433 903 514 960; x_wconf 87' lang='grc' dir='ltr'><strong><em>πᾶσι</em></strong></span> <span class='ocrx_word' id='word_1_26' title='bbox 536 894 659 961; x_wconf 86' lang='grc' dir='ltr'><strong><em>ταύτδν</em></strong></span> <span class='ocrx_word' id='word_1_27' title='bbox 681 894 785 959; x_wconf 83' lang='grc' dir='ltr'><strong><em>καλὸν</em></strong></span> <span class='ocrx_word' id='word_1_28' title='bbox 807 895 873 976; x_wconf 87' lang='grc' dir='ltr'><strong><em>ἔφυ</em></strong></span> <span class='ocrx_word' id='word_1_29' title='bbox 895 895 1004 976; x_wconf 89' lang='grc' dir='ltr'><strong><em>σοφόν</em></strong></span> <span class='ocrx_word' id='word_1_30' title='bbox 1027 891 1063 958; x_wconf 88' lang='grc' dir='ltr'><strong><em>θ’</em></strong></span> <span class='ocrx_word' id='word_1_31' title='bbox 1086 895 1162 977; x_wconf 81' lang='grc' dir='ltr'><strong><em>ἅμα,</em></strong></span> 
     </span>
     <span class='ocr_line' id='line_1_6' title="bbox 383 999 1115 1087; baseline -0.004 -19"><span class='ocrx_word' id='word_1_32' title='bbox 383 1003 445 1068; x_wconf 89' lang='grc' dir='ltr'><strong><em>οὐκ</em></strong></span> <span class='ocrx_word' id='word_1_33' title='bbox 466 999 509 1087; x_wconf 77' lang='grc' dir='ltr'><strong><em>ἦν</em></strong></span> <span class='ocrx_word' id='word_1_34' title='bbox 533 999 575 1066; x_wconf 80' lang='grc' dir='ltr'><strong><em>δν</em></strong></span> <span class='ocrx_word' id='word_1_35' title='bbox 598 1000 796 1087; x_wconf 71' lang='grc' dir='ltr'><strong><em>ἀμφίλεκτος</em></strong></span> <span class='ocrx_word' id='word_1_36' title='bbox 813 999 1012 1083; x_wconf 80' lang='grc' dir='ltr'><strong><em>Ιἀνθρώποις</em></strong></span> <span class='ocrx_word' id='word_1_37' title='bbox 1035 1002 1115 1083; x_wconf 87' lang='grc' dir='ltr'><strong><em>ἔρις·</em></strong></span> 
     </span>
     <span class='ocr_line' id='line_1_7' title="bbox 384 1104 1228 1193; baseline -0.001 -18"><span class='ocrx_word' id='word_1_38' title='bbox 384 1120 453 1175; x_wconf 74' lang='grc' dir='ltr'><strong><em>νῦν,</em></strong></span> <span class='ocrx_word' id='word_1_39' title='bbox 472 1104 502 1174; x_wconf 86' lang='grc' dir='ltr'><strong><em>δ’</em></strong></span> <span class='ocrx_word' id='word_1_40' title='bbox 525 1104 604 1174; x_wconf 81' lang='grc' dir='ltr'><strong><em>οὔθ’</em></strong></span> <span class='ocrx_word' id='word_1_41' title='bbox 626 1108 745 1192; x_wconf 82' lang='grc' dir='ltr'><strong><em>ὅμοιον</em></strong></span> <span class='ocrx_word' id='word_1_42' title='bbox 768 1104 869 1173; x_wconf 80' lang='grc' dir='ltr'><strong><em>ούδέν</em></strong></span> <span class='ocrx_word' id='word_1_43' title='bbox 893 1104 961 1171; x_wconf 79' lang='grc' dir='ltr'><strong><em>οὔτ’</em></strong></span> <span class='ocrx_word' id='word_1_44' title='bbox 986 1113 1060 1173; x_wconf 87' lang='grc' dir='ltr'><strong><em>ίσον</em></strong></span> <span class='ocrx_word' id='word_1_45' title='bbox 1084 1112 1228 1193; x_wconf 76' lang='grc' dir='ltr'><strong><em>βροτοῖς,</em></strong></span> 
     </span>
     <span class='ocr_line' id='line_1_8' title="bbox 383 1212 1213 1300; baseline 0 -19"><span class='ocrx_word' id='word_1_46' title='bbox 383 1218 469 1300; x_wconf 84' lang='grc' dir='ltr'><strong><em>πλὴν</em></strong></span> <span class='ocrx_word' id='word_1_47' title='bbox 493 1216 665 1298; x_wconf 88' lang='grc' dir='ltr'><strong><em>ὀνόμασιν,</em></strong></span> <span class='ocrx_word' id='word_1_48' title='bbox 689 1218 726 1281; x_wconf 90' lang='grc' dir='ltr'><strong><em>τὸ</em></strong></span> <span class='ocrx_word' id='word_1_49' title='bbox 751 1212 781 1279; x_wconf 87' lang='grc' dir='ltr'><strong><em>δ’</em></strong></span> <span class='ocrx_word' id='word_1_50' title='bbox 805 1216 906 1298; x_wconf 81' lang='grc' dir='ltr'><strong><em>ἔργον</em></strong></span> <span class='ocrx_word' id='word_1_51' title='bbox 929 1213 991 1279; x_wconf 88' lang='grc' dir='ltr'><strong><em>οὐκ</em></strong></span> <span class='ocrx_word' id='word_1_52' title='bbox 1014 1217 1105 1279; x_wconf 90' lang='grc' dir='ltr'><strong><em>ἔστιν</em></strong></span> <span class='ocrx_word' id='word_1_53' title='bbox 1128 1216 1213 1281; x_wconf 88' lang='grc' dir='ltr'><strong><em>τόδε.</em></strong></span> 
     </span>
     <span class='ocr_line' id='line_1_9' title="bbox 383 1320 1125 1409; baseline -0.003 -21"><span class='ocrx_word' id='word_1_54' title='bbox 383 1322 447 1407; x_wconf 80' lang='grc' dir='ltr'><strong><em>ἐμὼ</em></strong></span> <span class='ocrx_word' id='word_1_55' title='bbox 470 1324 534 1409; x_wconf 83' lang='grc' dir='ltr'><strong><em>γὰρ</em></strong></span> <span class='ocrx_word' id='word_1_56' title='bbox 558 1320 671 1404; x_wconf 87' lang='grc' dir='ltr'><strong><em>οὐδέν,</em></strong></span> <span class='ocrx_word' id='word_1_57' title='bbox 695 1332 807 1406; x_wconf 84' lang='grc' dir='ltr'><strong><em>μῆτερ,</em></strong></span> <span class='ocrx_word' id='word_1_58' title='bbox 830 1321 1024 1405; x_wconf 71' lang='grc' dir='ltr'><strong><em>ἀποκρύψας</em></strong></span> <span class='ocrx_word' id='word_1_59' title='bbox 1046 1321 1125 1407; x_wconf 80' lang='grc' dir='ltr'><strong><em>ἐρῶ·</em></strong></span> 
     </span>
     <span class='ocr_line' id='line_1_10' title="bbox 383 1427 1121 1515; baseline -0.003 -20"><span class='ocrx_word' id='word_1_60' title='bbox 383 1432 515 1515; x_wconf 72' lang='grc' dir='ltr'><strong><em>ἄστρων</em></strong></span> <span class='ocrx_word' id='word_1_61' title='bbox 537 1429 580 1494; x_wconf 79' lang='grc' dir='ltr'><strong><em>ἂν</em></strong></span> <span class='ocrx_word' id='word_1_62' title='bbox 603 1427 732 1513; x_wconf 79' lang='grc' dir='ltr'><strong><em>ἔλθοιμ’</em></strong></span> <span class='ocrx_word' id='word_1_63' title='bbox 755 1428 852 1512; x_wconf 77' lang='grc' dir='ltr'><strong><em>ἡλίου</em></strong></span> <span class='ocrx_word' id='word_1_64' title='bbox 875 1430 957 1511; x_wconf 88' lang='grc' dir='ltr'><strong><em>πρὸς</em></strong></span> <span class='ocrx_word' id='word_1_65' title='bbox 980 1428 1121 1506; x_wconf 83' lang='grc' dir='ltr'><strong><em>ἀντολὰς</em></strong></span> 
     </span>
     <span class='ocr_line' id='line_1_11' title="bbox 383 1535 1176 1621; baseline -0.001 -19"><span class='ocrx_word' id='word_1_66' title='bbox 383 1536 437 1603; x_wconf 81' lang='grc' dir='ltr'><strong><em>καὶ</em></strong></span> <span class='ocrx_word' id='word_1_67' title='bbox 460 1545 521 1620; x_wconf 76' lang='grc' dir='ltr'><strong><em>γῆς</em></strong></span> <span class='ocrx_word' id='word_1_68' title='bbox 543 1539 683 1621; x_wconf 81' lang='grc' dir='ltr'><strong><em>ἔνερθεν</em></strong></span> <span class='ocrx_word' id='word_1_69' title='bbox 706 1537 849 1612; x_wconf 87' lang='grc' dir='ltr'><strong><em>δυνατὸς</em></strong></span> <span class='ocrx_word' id='word_1_70' title='bbox 873 1535 920 1600; x_wconf 81' lang='grc' dir='ltr'><strong><em>διν</em></strong></span> <span class='ocrx_word' id='word_1_71' title='bbox 943 1537 1063 1620; x_wconf 85' lang='grc' dir='ltr'><strong><em>δρᾶσαι</em></strong></span> <span class='ocrx_word' id='word_1_72' title='bbox 1086 1536 1176 1621; x_wconf 77' lang='grc' dir='ltr'><strong><em>τάδε,</em></strong></span> 
     </span>
     <span class='ocr_line' id='line_1_12' title="bbox 382 1640 1163 1728; baseline -0.001 -19"><span class='ocrx_word' id='word_1_73' title='bbox 382 1646 443 1727; x_wconf 73' lang='grc' dir='ltr'><strong><em>τὴν</em></strong></span> <span class='ocrx_word' id='word_1_74' title='bbox 466 1650 557 1709; x_wconf 84' lang='grc' dir='ltr'><strong><em>θεῶν</em></strong></span> <span class='ocrx_word' id='word_1_75' title='bbox 580 1646 737 1728; x_wconf 79' lang='grc' dir='ltr'><strong><em>μεγίστην</em></strong></span> <span class='ocrx_word' id='word_1_76' title='bbox 761 1640 837 1707; x_wconf 84' lang='grc' dir='ltr'><strong><em>ὥστ’</em></strong></span> <span class='ocrx_word' id='word_1_77' title='bbox 859 1645 947 1727; x_wconf 85' lang='grc' dir='ltr'><strong><em>ἔχειν</em></strong></span> <span class='ocrx_word' id='word_1_78' title='bbox 969 1644 1163 1728; x_wconf 78' lang='grc' dir='ltr'><strong><em>τυραννίδα.</em></strong></span> 
     </span>
     <span class='ocr_line' id='line_1_13' title="bbox 382 1746 1216 1835; baseline 0.002 -21"><span class='ocrx_word' id='word_1_79' title='bbox 382 1748 472 1816; x_wconf 84' lang='grc' dir='ltr'><strong><em>τοῦτ’</em></strong></span> <span class='ocrx_word' id='word_1_80' title='bbox 494 1746 556 1816; x_wconf 87' lang='grc' dir='ltr'><strong><em>οὖν</em></strong></span> <span class='ocrx_word' id='word_1_81' title='bbox 579 1752 616 1816; x_wconf 87' lang='grc' dir='ltr'><strong><em>τὸ</em></strong></span> <span class='ocrx_word' id='word_1_82' title='bbox 640 1752 794 1834; x_wconf 86' lang='grc' dir='ltr'><strong><em>χρηστόν,</em></strong></span> <span class='ocrx_word' id='word_1_83' title='bbox 817 1758 930 1834; x_wconf 83' lang='grc' dir='ltr'><strong><em>μῆτερ,</em></strong></span> <span class='ocrx_word' id='word_1_84' title='bbox 954 1747 1028 1835; x_wconf 83' lang='grc' dir='ltr'><strong><em>ούχὶ</em></strong></span> <span class='ocrx_word' id='word_1_85' title='bbox 1052 1751 1216 1835; x_wconf 79' lang='grc' dir='ltr'><strong><em>βούλομαι</em></strong></span> 
     </span>
     <span class='ocr_line' id='line_1_14' title="bbox 383 1854 1092 1944; baseline -0.001 -21"><span class='ocrx_word' id='word_1_86' title='bbox 383 1859 472 1944; x_wconf 78' lang='grc' dir='ltr'><strong><em>ἀλλφ</em></strong></span> <span class='ocrx_word' id='word_1_87' title='bbox 496 1869 651 1942; x_wconf 85' lang='grc' dir='ltr'><strong><em>παρεῖναι</em></strong></span> <span class='ocrx_word' id='word_1_88' title='bbox 674 1861 800 1942; x_wconf 90' lang='grc' dir='ltr'><strong><em>μᾶλλον</em></strong></span> <span class='ocrx_word' id='word_1_89' title='bbox 824 1856 843 1939; x_wconf 77' lang='grc' dir='ltr'><em>ἢ</em></span> <span class='ocrx_word' id='word_1_90' title='bbox 867 1854 984 1943; x_wconf 78' lang='grc' dir='ltr'><strong><em>σφ’ζειν</em></strong></span> <span class='ocrx_word' id='word_1_91' title='bbox 1006 1855 1092 1941; x_wconf 87' lang='grc' dir='ltr'><strong><em>έμοί·</em></strong></span> 
     </span>
     <span class='ocr_line' id='line_1_15' title="bbox 383 1962 1133 2049; baseline 0 -20"><span class='ocrx_word' id='word_1_92' title='bbox 383 1964 548 2047; x_wconf 78' lang='grc' dir='ltr'><strong><em>ἀνανδρία</em></strong></span> <span class='ocrx_word' id='word_1_93' title='bbox 572 1965 646 2049; x_wconf 79' lang='grc' dir='ltr'><strong><em>γάρ,</em></strong></span> <span class='ocrx_word' id='word_1_94' title='bbox 669 1964 707 2028; x_wconf 92' lang='grc' dir='ltr'><strong><em>τὸ</em></strong></span> <span class='ocrx_word' id='word_1_95' title='bbox 730 1962 833 2028; x_wconf 80' lang='grc' dir='ltr'><strong><em>πλέον</em></strong></span> <span class='ocrx_word' id='word_1_96' title='bbox 856 1964 946 2040; x_wconf 84' lang='grc' dir='ltr'><strong><em>ὅστις</em></strong></span> <span class='ocrx_word' id='word_1_97' title='bbox 969 1962 1133 2041; x_wconf 79' lang='grc' dir='ltr'><strong><em>ἀπολέσας</em></strong></span> 
     </span>
     <span class='ocr_line' id='line_1_16' title="bbox 386 2064 1256 2158; baseline 0.003 -23"><span class='ocrx_word' id='word_1_98' title='bbox 386 2072 573 2137; x_wconf 84' lang='grc' dir='ltr'><strong><em>τοῦλασσον</em></strong></span> <span class='ocrx_word' id='word_1_99' title='bbox 597 2073 703 2153; x_wconf 79' lang='grc' dir='ltr'><strong><em>ἔλαβε.</em></strong></span> <span class='ocrx_word' id='word_1_100' title='bbox 748 2072 831 2156; x_wconf 87' lang='grc' dir='ltr'><strong><em>πρὸς</em></strong></span> <span class='ocrx_word' id='word_1_101' title='bbox 854 2065 890 2134; x_wconf 70' lang='grc' dir='ltr'><strong><em>δὲ</em></strong></span> <span class='ocrx_word' id='word_1_102' title='bbox 913 2064 1019 2135; x_wconf 89' lang='grc' dir='ltr'><strong><em>τοῖσδ’</em></strong></span> <span class='ocrx_word' id='word_1_103' title='bbox 1046 2072 1256 2158; x_wconf 82' lang='grc' dir='ltr'><strong><em>αἰσχύνομαι,</em></strong></span> 
     </span>
     <span class='ocr_line' id='line_1_17' title="bbox 384 2174 1256 2264; baseline 0.001 -21"><span class='ocrx_word' id='word_1_104' title='bbox 384 2178 528 2244; x_wconf 88' lang='grc' dir='ltr'><strong><em>ἔλθόντα</em></strong></span> <span class='ocrx_word' id='word_1_105' title='bbox 551 2178 614 2242; x_wconf 90' lang='grc' dir='ltr'><strong><em>σύν</em></strong></span> <span class='ocrx_word' id='word_1_106' title='bbox 637 2176 752 2253; x_wconf 84' lang='grc' dir='ltr'><strong><em>ὅπλοις</em></strong></span> <span class='ocrx_word' id='word_1_107' title='bbox 775 2178 872 2242; x_wconf 89' lang='grc' dir='ltr'><strong><em>τόνδε</em></strong></span> <span class='ocrx_word' id='word_1_108' title='bbox 896 2174 950 2242; x_wconf 80' lang='grc' dir='ltr'><strong><em>καὶ</em></strong></span> <span class='ocrx_word' id='word_1_109' title='bbox 973 2183 1170 2264; x_wconf 81' lang='grc' dir='ltr'><strong><em>πορθοῦντα</em></strong></span> <span class='ocrx_word' id='word_1_110' title='bbox 1191 2189 1256 2264; x_wconf 78' lang='grc' dir='ltr'><strong><em>γῆν</em></strong></span> 
     </span>
     <span class='ocr_line' id='line_1_18' title="bbox 384 2281 1183 2370; baseline 0 -19"><span class='ocrx_word' id='word_1_111' title='bbox 384 2297 497 2370; x_wconf 85' lang='grc' dir='ltr'><strong><em>τυχεῖν</em></strong></span> <span class='ocrx_word' id='word_1_112' title='bbox 520 2283 541 2349; x_wconf 83' lang='grc' dir='ltr'><strong><em>δ</em></strong></span> <span class='ocrx_word' id='word_1_113' title='bbox 563 2281 688 2370; x_wconf 75' lang='grc' dir='ltr'><strong><em>χρῄζει·</em></strong></span> <span class='ocrx_word' id='word_1_114' title='bbox 711 2294 783 2360; x_wconf 87' lang='grc' dir='ltr'><strong><em>ταῖς</em></strong></span> <span class='ocrx_word' id='word_1_115' title='bbox 805 2285 870 2369; x_wconf 80' lang='grc' dir='ltr'><strong><em>γὰρ</em></strong></span> <span class='ocrx_word' id='word_1_116' title='bbox 893 2282 936 2349; x_wconf 81' lang='grc' dir='ltr'><strong><em>ἂν</em></strong></span> <span class='ocrx_word' id='word_1_117' title='bbox 958 2287 1084 2369; x_wconf 76' lang='grc' dir='ltr'><strong><em>Θήβαις</em></strong></span> <span class='ocrx_word' id='word_1_118' title='bbox 1106 2287 1183 2352; x_wconf 89' lang='grc' dir='ltr'><strong><em>τόδε</em></strong></span> 
     </span>
     <span class='ocr_line' id='line_1_19' title="bbox 382 2389 1070 2476; baseline 0.003 -19"><span class='ocrx_word' id='word_1_119' title='bbox 382 2389 502 2476; x_wconf 79' lang='grc' dir='ltr'><strong><em>γένοιτ’.</em></strong></span> <span class='ocrx_word' id='word_1_120' title='bbox 527 2391 667 2474; x_wconf 81' lang='grc' dir='ltr'><strong><em>ὄνειδος,</em></strong></span> <span class='ocrx_word' id='word_1_121' title='bbox 692 2392 723 2456; x_wconf 88' lang='grc' dir='ltr'><strong><em>εί</em></strong></span> <span class='ocrx_word' id='word_1_122' title='bbox 747 2394 946 2474; x_wconf 84' lang='grc' dir='ltr'><strong><em>Μυκηναίου</em></strong></span> <span class='ocrx_word' id='word_1_123' title='bbox 970 2393 1070 2474; x_wconf 86' lang='grc' dir='ltr'><strong><em>δορὸς</em></strong></span> 
     </span>
     <span class='ocr_line' id='line_1_20' title="bbox 383 2496 1141 2588; baseline -0.001 -23"><span class='ocrx_word' id='word_1_124' title='bbox 383 2502 478 2588; x_wconf 85' lang='grc' dir='ltr'><strong><em>φόβφ</em></strong></span> <span class='ocrx_word' id='word_1_125' title='bbox 500 2501 643 2585; x_wconf 83' lang='grc' dir='ltr'><strong><em>παρείην</em></strong></span> <span class='ocrx_word' id='word_1_126' title='bbox 666 2507 815 2583; x_wconf 77' lang='grc' dir='ltr'><strong><em>σκῆπτρα</em></strong></span> <span class='ocrx_word' id='word_1_127' title='bbox 838 2498 922 2583; x_wconf 83' lang='grc' dir='ltr'><strong><em>τάμὰ</em></strong></span> <span class='ocrx_word' id='word_1_128' title='bbox 944 2496 1024 2586; x_wconf 76' lang='grc' dir='ltr'><strong><em>τῷδ’</em></strong></span> <span class='ocrx_word' id='word_1_129' title='bbox 1045 2501 1141 2584; x_wconf 87' lang='grc' dir='ltr'><strong><em>ἔχειν.</em></strong></span> 
     </span>
     <span class='ocr_line' id='line_1_21' title="bbox 384 2603 1181 2692; baseline 0 -20"><span class='ocrx_word' id='word_1_130' title='bbox 384 2616 468 2692; x_wconf 74' lang='grc' dir='ltr'><strong><em>χρῆν</em></strong></span> <span class='ocrx_word' id='word_1_131' title='bbox 492 2603 521 2672; x_wconf 88' lang='grc' dir='ltr'><strong><em>δ’</em></strong></span> <span class='ocrx_word' id='word_1_132' title='bbox 544 2606 647 2672; x_wconf 78' lang='grc' dir='ltr'><strong><em>αὐτὸν</em></strong></span> <span class='ocrx_word' id='word_1_133' title='bbox 670 2606 731 2691; x_wconf 91' lang='grc' dir='ltr'><strong><em>ούχ</em></strong></span> <span class='ocrx_word' id='word_1_134' title='bbox 756 2606 888 2672; x_wconf 85' lang='grc' dir='ltr'><strong><em>ὅπλοισι</em></strong></span> <span class='ocrx_word' id='word_1_135' title='bbox 910 2607 969 2683; x_wconf 82' lang='grc' dir='ltr'><strong><em>τὰς</em></strong></span> <span class='ocrx_word' id='word_1_136' title='bbox 992 2607 1181 2691; x_wconf 77' lang='grc' dir='ltr'><strong><em>διαλλαγάς,</em></strong></span> 
     </span>
     <span class='ocr_line' id='line_1_22' title="bbox 383 2711 1147 2798; baseline 0.001 -20"><span class='ocrx_word' id='word_1_137' title='bbox 383 2724 495 2798; x_wconf 80' lang='grc' dir='ltr'><strong><em>μῆτερ,</em></strong></span> <span class='ocrx_word' id='word_1_138' title='bbox 518 2720 703 2780; x_wconf 88' lang='grc' dir='ltr'><strong><em>ποιεῖσθαι·</em></strong></span> <span class='ocrx_word' id='word_1_139' title='bbox 727 2722 793 2778; x_wconf 86' lang='grc' dir='ltr'><strong><em>πᾶν</em></strong></span> <span class='ocrx_word' id='word_1_140' title='bbox 815 2714 878 2796; x_wconf 78' lang='grc' dir='ltr'><strong><em>γὰρ</em></strong></span> <span class='ocrx_word' id='word_1_141' title='bbox 904 2711 1027 2798; x_wconf 81' lang='grc' dir='ltr'><strong><em>ἐξαιρεῖ</em></strong></span> <span class='ocrx_word' id='word_1_142' title='bbox 1048 2715 1147 2796; x_wconf 80' lang='grc' dir='ltr'><strong><em>λόγος</em></strong></span> 
     </span>
     <span class='ocr_line' id='line_1_23' title="bbox 384 2820 1082 2906; baseline -0.001 -19"><span class='ocrx_word' id='word_1_143' title='bbox 384 2821 402 2886; x_wconf 85' lang='grc' dir='ltr'><strong><em>δ</em></strong></span> <span class='ocrx_word' id='word_1_144' title='bbox 425 2820 480 2887; x_wconf 82' lang='grc' dir='ltr'><strong><em>καὶ</em></strong></span> <span class='ocrx_word' id='word_1_145' title='bbox 504 2822 640 2906; x_wconf 85' lang='grc' dir='ltr'><strong><em>σίδηρος</em></strong></span> <span class='ocrx_word' id='word_1_146' title='bbox 662 2823 831 2904; x_wconf 87' lang='grc' dir='ltr'><strong><em>πολεμίων</em></strong></span> <span class='ocrx_word' id='word_1_147' title='bbox 854 2821 1008 2905; x_wconf 81' lang='grc' dir='ltr'><strong><em>δράσειεν</em></strong></span> <span class='ocrx_word' id='word_1_148' title='bbox 1031 2821 1082 2886; x_wconf 81' lang='grc' dir='ltr'><strong><em>ἀν.</em></strong></span> 
     </span>
     <span class='ocr_line' id='line_1_24' title="bbox 384 2925 1199 3012; baseline 0.001 -20"><span class='ocrx_word' id='word_1_149' title='bbox 384 2925 469 3009; x_wconf 86' lang='grc' dir='ltr'><strong><em>ἀλλ’,</em></strong></span> <span class='ocrx_word' id='word_1_150' title='bbox 493 2930 524 2993; x_wconf 89' lang='grc' dir='ltr'><strong><em>εί</em></strong></span> <span class='ocrx_word' id='word_1_151' title='bbox 545 2925 606 3011; x_wconf 82' lang='grc' dir='ltr'><strong><em>μέν</em></strong></span> <span class='ocrx_word' id='word_1_152' title='bbox 629 2928 737 3004; x_wconf 79' lang='grc' dir='ltr'><strong><em>ἄλλως</em></strong></span> <span class='ocrx_word' id='word_1_153' title='bbox 759 2929 859 3012; x_wconf 85' lang='grc' dir='ltr'><strong><em>τήνδε</em></strong></span> <span class='ocrx_word' id='word_1_154' title='bbox 881 2936 945 3010; x_wconf 78' lang='grc' dir='ltr'><strong><em>γῆν</em></strong></span> <span class='ocrx_word' id='word_1_155' title='bbox 968 2928 1072 2992; x_wconf 91' lang='grc' dir='ltr'><strong><em>οίκεῖν</em></strong></span> <span class='ocrx_word' id='word_1_156' title='bbox 1094 2926 1199 3011; x_wconf 80' lang='grc' dir='ltr'><strong><em>θέλει,</em></strong></span> 
     </span>
     <span class='ocr_line' id='line_1_25' title="bbox 384 3032 1093 3118; baseline -0.004 -17"><span class='ocrx_word' id='word_1_157' title='bbox 384 3032 496 3113; x_wconf 80' lang='grc' dir='ltr'><strong><em>ἔξεστ’·</em></strong></span> <span class='ocrx_word' id='word_1_158' title='bbox 520 3033 626 3099; x_wconf 83' lang='grc' dir='ltr'><strong><em>έκεῖνο</em></strong></span> <span class='ocrx_word' id='word_1_159' title='bbox 651 3032 680 3099; x_wconf 90' lang='grc' dir='ltr'><strong><em>δ’</em></strong></span> <span class='ocrx_word' id='word_1_160' title='bbox 703 3035 765 3117; x_wconf 89' lang='grc' dir='ltr'><strong><em>οὐχ</em></strong></span> <span class='ocrx_word' id='word_1_161' title='bbox 789 3032 873 3098; x_wconf 82' lang='grc' dir='ltr'><strong><em>ἑκὼν</em></strong></span> <span class='ocrx_word' id='word_1_162' title='bbox 896 3037 1093 3118; x_wconf 84' lang='grc' dir='ltr'><strong><em>μεθήσομαι.</em></strong></span> 
     </span>
     <span class='ocr_line' id='line_1_26' title="bbox 385 3139 1395 3228; baseline 0.002 -21"><span class='ocrx_word' id='word_1_163' title='bbox 385 3143 512 3228; x_wconf 75' lang='grc' dir='ltr'><strong><em>[ἄρχειν</em></strong></span> <span class='ocrx_word' id='word_1_164' title='bbox 534 3143 644 3226; x_wconf 88' lang='grc' dir='ltr'><strong><em>παρόν</em></strong></span> <span class='ocrx_word' id='word_1_165' title='bbox 666 3164 734 3225; x_wconf 91' lang='grc' dir='ltr'><strong><em>μοι,</em></strong></span> <span class='ocrx_word' id='word_1_166' title='bbox 757 3142 842 3227; x_wconf 76' lang='grc' dir='ltr'><strong><em>τῷδε</em></strong></span> <span class='ocrx_word' id='word_1_167' title='bbox 866 3141 1037 3205; x_wconf 85' lang='grc' dir='ltr'><strong><em>δουλεύσω</em></strong></span> <span class='ocrx_word' id='word_1_168' title='bbox 1059 3139 1162 3225; x_wconf 60' lang='grc' dir='ltr'><strong><em>ποτέ]</em></strong></span> <span class='ocrx_word' id='word_1_169' title='bbox 1344 3161 1395 3209; x_wconf 77' lang='lat'><strong><em>520</em></strong></span> 
     </span>
    </p>
   </div>
   <div class='ocr_carea' id='block_1_4' title="bbox 249 3457 1396 3851">
    <p class='ocr_par' dir='ltr' id='par_1_4' title="bbox 249 3457 1396 3851">
     <span class='ocr_line' id='line_1_27' title="bbox 339 3457 1396 3529; baseline 0 -13"><span class='ocrx_word' id='word_1_170' title='bbox 339 3468 391 3516; x_wconf 85' lang='grc'><strong><em>496</em></strong></span> <span class='ocrx_word' id='word_1_171' title='bbox 410 3463 458 3515; x_wconf 85' lang='grc' dir='ltr'><strong><em>καλ</em></strong></span> <span class='ocrx_word' id='word_1_172' title='bbox 477 3478 511 3515; x_wconf 87' lang='lat' dir='ltr'><strong><em>ex</em></strong></span> <span class='ocrx_word' id='word_1_173' title='bbox 529 3460 560 3515; x_wconf 79' lang='grc' dir='ltr'><strong><em>ἐν</em></strong></span> <span class='ocrx_word' id='word_1_174' title='bbox 580 3477 648 3514; x_wconf 87' lang='lat' dir='ltr'>corr.</span> <span class='ocrx_word' id='word_1_175' title='bbox 669 3457 834 3529; x_wconf 83' lang='grc' dir='ltr'><strong><em>ίΙδίκειΒ</em></strong></span> <span class='ocrx_word' id='word_1_176' title='bbox 853 3459 965 3512; x_wconf 80' lang='grc' dir='ltr'><strong><em>δοκεῖθ</em></strong></span> <span class='ocrx_word' id='word_1_177' title='bbox 1037 3464 1088 3511; x_wconf 86' lang='grc'><strong><em>497</em></strong></span> <span class='ocrx_word' id='word_1_178' title='bbox 1108 3460 1156 3513; x_wconf 79' lang='grc' dir='ltr'><strong><em>καί</em></strong></span> <span class='ocrx_word' id='word_1_179' title='bbox 1175 3463 1270 3515; x_wconf 86' lang='lat' dir='ltr'><strong>om.L</strong></span> <span class='ocrx_word' id='word_1_180' title='bbox 1345 3468 1396 3516; x_wconf 84' lang='grc'><strong><em>498</em></strong></span> 
     </span>
     <span class='ocr_line' id='line_1_28' title="bbox 249 3538 1395 3611; baseline -0.001 -14"><span class='ocrx_word' id='word_1_181' title='bbox 249 3540 406 3610; x_wconf 81' lang='grc' dir='ltr'><strong><em>τεθρύμεθ’</em></strong></span> <span class='ocrx_word' id='word_1_182' title='bbox 428 3543 487 3595; x_wconf 86' lang='lat' dir='ltr'><strong><em>AB</em></strong></span> <span class='ocrx_word' id='word_1_183' title='bbox 559 3546 611 3595; x_wconf 89' lang='grc'><strong><em>499</em></strong></span> <span class='ocrx_word' id='word_1_184' title='bbox 630 3540 733 3594; x_wconf 81' lang='grc' dir='ltr'><strong><em>ταύτὸν</em></strong></span> <span class='ocrx_word' id='word_1_185' title='bbox 751 3538 781 3592; x_wconf 87' lang='lat' dir='ltr'><strong><em>in</em></strong></span> <span class='ocrx_word' id='word_1_186' title='bbox 800 3555 853 3592; x_wconf 81' lang='lat' dir='ltr'><strong><em>rec.</em></strong></span> <span class='ocrx_word' id='word_1_187' title='bbox 871 3538 960 3606; x_wconf 77' lang='lat' dir='ltr'>libris,</span> <span class='ocrx_word' id='word_1_188' title='bbox 979 3540 1064 3593; x_wconf 78' lang='grc' dir='ltr'><strong><em>ταύτὸ</em></strong></span> <span class='ocrx_word' id='word_1_189' title='bbox 1081 3540 1131 3595; x_wconf 85' lang='lat' dir='ltr'><strong><em>OS</em></strong></span> <span class='ocrx_word' id='word_1_190' title='bbox 1201 3547 1253 3594; x_wconf 86' lang='grc'><strong><em>599</em></strong></span> <span class='ocrx_word' id='word_1_191' title='bbox 1272 3542 1395 3611; x_wconf 80' lang='grc' dir='ltr'><strong><em>ἀναμφί-</em></strong></span> 
     </span>
     <span class='ocr_line' id='line_1_29' title="bbox 249 3617 1395 3692; baseline 0.001 -16"><span class='ocrx_word' id='word_1_192' title='bbox 249 3626 344 3686; x_wconf 86' lang='grc' dir='ltr'><strong><em>λεκτος</em></strong></span> <span class='ocrx_word' id='word_1_193' title='bbox 363 3624 397 3690; x_wconf 81' lang='grc' dir='ltr'><strong><em>Α,</em></strong></span> <span class='ocrx_word' id='word_1_194' title='bbox 417 3620 603 3690; x_wconf 85' lang='grc' dir='ltr'><strong><em>ἀναφίλεκτος</em></strong></span> <span class='ocrx_word' id='word_1_195' title='bbox 621 3622 657 3689; x_wconf 85' lang='grc' dir='ltr'><strong><em>Β,</em></strong></span> <span class='ocrx_word' id='word_1_196' title='bbox 677 3617 846 3689; x_wconf 81' lang='grc' dir='ltr'><strong><em>ἀμφίλεκτος</em></strong></span> <span class='ocrx_word' id='word_1_197' title='bbox 864 3623 927 3690; x_wconf 84' lang='lat' dir='ltr'><strong>(om.</strong></span> <span class='ocrx_word' id='word_1_198' title='bbox 943 3617 990 3689; x_wconf 80' lang='grc' dir='ltr'><strong><em>ἀν)</em></strong></span> <span class='ocrx_word' id='word_1_199' title='bbox 1006 3620 1032 3674; x_wconf 84' lang='lat' dir='ltr'><em>G</em></span> <span class='ocrx_word' id='word_1_200' title='bbox 1105 3627 1155 3674; x_wconf 93' lang='grc'><strong><em>591</em></strong></span> <span class='ocrx_word' id='word_1_201' title='bbox 1176 3631 1229 3676; x_wconf 87' lang='grc' dir='ltr'><strong><em>νῦν</em></strong></span> <span class='ocrx_word' id='word_1_202' title='bbox 1248 3619 1282 3676; x_wconf 85' lang='grc' dir='ltr'><strong><em>θ’</em></strong></span> <span class='ocrx_word' id='word_1_203' title='bbox 1300 3623 1395 3692; x_wconf 81' lang='grc' dir='ltr'><strong><em>ὅμοιον</em></strong></span> 
     </span>
     <span class='ocr_line' id='line_1_30' title="bbox 251 3699 1344 3771; baseline 0.002 -16"><span class='ocrx_word' id='word_1_204' title='bbox 251 3704 281 3756; x_wconf 83' lang='lat' dir='ltr'><em>E</em></span> <span class='ocrx_word' id='word_1_205' title='bbox 304 3707 308 3771; x_wconf 93' lang='grc' dir='ltr'>Ι</span> <span class='ocrx_word' id='word_1_206' title='bbox 339 3699 399 3756; x_wconf 84' lang='grc' dir='ltr'><strong><em>ίοον</em></strong></span> <span class='ocrx_word' id='word_1_207' title='bbox 418 3704 479 3757; x_wconf 91' lang='lat' dir='ltr'><strong><em>AB</em></strong></span> <span class='ocrx_word' id='word_1_208' title='bbox 551 3710 601 3757; x_wconf 77' lang='grc'><strong><em>599</em></strong></span> <span class='ocrx_word' id='word_1_209' title='bbox 621 3700 769 3771; x_wconf 84' lang='grc' dir='ltr'><strong><em>ὀνόμασιν]</em></strong></span> <span class='ocrx_word' id='word_1_210' title='bbox 788 3700 902 3768; x_wconf 79' lang='grc' dir='ltr'><strong><em>Ροεεοο,</em></strong></span> <span class='ocrx_word' id='word_1_211' title='bbox 921 3700 1059 3770; x_wconf 82' lang='grc' dir='ltr'><strong><em>ὀνομάσαι</em></strong></span> <span class='ocrx_word' id='word_1_212' title='bbox 1077 3699 1143 3754; x_wconf 89' lang='lat' dir='ltr'>libri</span> <span class='ocrx_word' id='word_1_213' title='bbox 1173 3705 1177 3770; x_wconf 93' lang='grc' dir='ltr'>Ι</span> <span class='ocrx_word' id='word_1_214' title='bbox 1207 3701 1263 3756; x_wconf 83' lang='grc' dir='ltr'><strong><em>ἔστι</em></strong></span> <span class='ocrx_word' id='word_1_215' title='bbox 1283 3704 1344 3757; x_wconf 82' lang='lat' dir='ltr'><strong><em>BG</em></strong></span> 
     </span>
     <span class='ocr_line' id='line_1_31' title="bbox 251 3779 1394 3851; baseline 0 -15"><span class='ocrx_word' id='word_1_216' title='bbox 251 3789 302 3836; x_wconf 87' lang='grc'><strong><em>503</em></strong></span> <span class='ocrx_word' id='word_1_217' title='bbox 322 3781 387 3836; x_wconf 77' lang='grc' dir='ltr'><strong><em>ούδέ</em></strong></span> <span class='ocrx_word' id='word_1_218' title='bbox 407 3782 460 3851; x_wconf 77' lang='grc' dir='ltr'><strong><em>γὰρ</em></strong></span> <span class='ocrx_word' id='word_1_219' title='bbox 480 3782 563 3838; x_wconf 76' lang='grc' dir='ltr'><strong><em>οὐδὲν</em></strong></span> <span class='ocrx_word' id='word_1_220' title='bbox 582 3785 612 3837; x_wconf 83' lang='grc' dir='ltr'><em>Ε</em></span> <span class='ocrx_word' id='word_1_221' title='bbox 700 3787 752 3836; x_wconf 88' lang='grc'><strong><em>504</em></strong></span> <span class='ocrx_word' id='word_1_222' title='bbox 771 3780 880 3850; x_wconf 82' lang='grc' dir='ltr'><strong><em>ἀστρων</em></strong></span> <span class='ocrx_word' id='word_1_223' title='bbox 899 3779 1047 3849; x_wconf 68' lang='grc' dir='ltr'><strong><em>ἀπέλθοιμ’</em></strong></span> <span class='ocrx_word' id='word_1_224' title='bbox 1064 3782 1181 3849; x_wconf 75' lang='grc' dir='ltr'><strong><em>ΑοΒΙ</em></strong></span> <span class='ocrx_word' id='word_1_225' title='bbox 1211 3779 1292 3850; x_wconf 79' lang='grc' dir='ltr'><strong><em>ἡλίου</em></strong></span> <span class='ocrx_word' id='word_1_226' title='bbox 1311 3783 1394 3837; x_wconf 79' lang='lat' dir='ltr'><strong>etiam</strong></span> 
     </span>
    </p>
   </div>
   <div class='ocr_carea' id='block_1_5' title="bbox 250 3861 1394 4492">
    <p class='ocr_par' dir='ltr' id='par_1_5' title="bbox 250 3861 1394 4492">
     <span class='ocr_line' id='line_1_32' title="bbox 250 3861 1394 3932; baseline 0.001 -16"><span class='ocrx_word' id='word_1_227' title='bbox 250 3861 324 3916; x_wconf 76' lang='lat' dir='ltr'><strong>Plut.</strong></span> <span class='ocrx_word' id='word_1_228' title='bbox 349 3862 383 3915; x_wconf 87' lang='grc' dir='ltr'><strong><em>δο</em></strong></span> <span class='ocrx_word' id='word_1_229' title='bbox 408 3863 471 3916; x_wconf 78' lang='lat' dir='ltr'><strong>frat.</strong></span> <span class='ocrx_word' id='word_1_230' title='bbox 496 3881 548 3917; x_wconf 84' lang='lat' dir='ltr'><strong><em>am.</em></strong></span> <span class='ocrx_word' id='word_1_231' title='bbox 572 3883 598 3932; x_wconf 91' lang='lat' dir='ltr'><strong><em>p.</em></strong></span> <span class='ocrx_word' id='word_1_232' title='bbox 618 3864 697 3931; x_wconf 53' lang='grc'><strong>4814,</strong></span> <span class='ocrx_word' id='word_1_233' title='bbox 717 3861 834 3930; x_wconf 78' lang='grc' dir='ltr'><strong><em>αἰθέρος</em></strong></span> <span class='ocrx_word' id='word_1_234' title='bbox 857 3861 933 3917; x_wconf 75' lang='grc'><strong>8505.</strong></span> <span class='ocrx_word' id='word_1_235' title='bbox 953 3868 997 3927; x_wconf 78' lang='grc'><strong><em>47,</em></strong></span> <span class='ocrx_word' id='word_1_236' title='bbox 1021 3868 1036 3914; x_wconf 87' lang='grc'><strong>3</strong></span> <span class='ocrx_word' id='word_1_237' title='bbox 1067 3861 1072 3931; x_wconf 85' lang='grc' dir='ltr'>Ι</span> <span class='ocrx_word' id='word_1_238' title='bbox 1102 3861 1221 3926; x_wconf 84' lang='grc' dir='ltr'><strong><em>ἀντολὰς</em></strong></span> <span class='ocrx_word' id='word_1_239' title='bbox 1239 3864 1303 3930; x_wconf 81' lang='lat' dir='ltr'><strong><em>aL,</em></strong></span> <span class='ocrx_word' id='word_1_240' title='bbox 1328 3864 1394 3917; x_wconf 84' lang='grc' dir='ltr'><strong><em>ἀνα·</em></strong></span> 
     </span>
     <span class='ocr_line' id='line_1_33' title="bbox 250 3941 1344 4013; baseline 0 -17"><span class='ocrx_word' id='word_1_241' title='bbox 250 3942 364 4003; x_wconf 75' lang='grc' dir='ltr'><strong><em>τολδιςε</em></strong></span> <span class='ocrx_word' id='word_1_242' title='bbox 393 3944 397 4012; x_wconf 88' lang='grc' dir='ltr'>Ι</span> <span class='ocrx_word' id='word_1_243' title='bbox 426 3941 505 4011; x_wconf 85' lang='grc' dir='ltr'><strong><em>ἡλίου</em></strong></span> <span class='ocrx_word' id='word_1_244' title='bbox 524 3942 549 3996; x_wconf 87' lang='grc' dir='ltr'><strong><em>τ’</em></strong></span> <span class='ocrx_word' id='word_1_245' title='bbox 567 3943 730 4013; x_wconf 82' lang='grc' dir='ltr'><strong><em>ἀναπτυχὰς</em></strong></span> <span class='ocrx_word' id='word_1_246' title='bbox 749 3943 886 4011; x_wconf 70' lang='lat' dir='ltr'><strong>Selmena,</strong></span> <span class='ocrx_word' id='word_1_247' title='bbox 910 3942 974 3996; x_wconf 70' lang='lat' dir='ltr'>fort.</span> <span class='ocrx_word' id='word_1_248' title='bbox 994 3943 1117 4009; x_wconf 84' lang='grc' dir='ltr'><strong><em>ούρανοῦ</em></strong></span> <span class='ocrx_word' id='word_1_249' title='bbox 1136 3941 1207 4009; x_wconf 81' lang='grc' dir='ltr'><strong><em>πρὸς</em></strong></span> <span class='ocrx_word' id='word_1_250' title='bbox 1226 3941 1344 4006; x_wconf 84' lang='grc' dir='ltr'><strong><em>ἀντολὰς</em></strong></span> 
     </span>
     <span class='ocr_line' id='line_1_34' title="bbox 251 4020 1392 4095; baseline 0.002 -19"><span class='ocrx_word' id='word_1_251' title='bbox 251 4028 302 4076; x_wconf 91' lang='grc'><strong><em>595</em></strong></span> <span class='ocrx_word' id='word_1_252' title='bbox 322 4020 438 4089; x_wconf 85' lang='grc' dir='ltr'><strong><em>ἔνερθεν</em></strong></span> <span class='ocrx_word' id='word_1_253' title='bbox 457 4023 489 4088; x_wconf 82' lang='lat' dir='ltr'><strong><em>S,</em></strong></span> <span class='ocrx_word' id='word_1_254' title='bbox 509 4022 607 4090; x_wconf 75' lang='grc' dir='ltr'><strong><em>ἔνερθε</em></strong></span> <span class='ocrx_word' id='word_1_255' title='bbox 628 4023 651 4078; x_wconf 90' lang='grc'><strong><em>0</em></strong></span> <span class='ocrx_word' id='word_1_256' title='bbox 666 4026 670 4093; x_wconf 87' lang='grc' dir='ltr'>Ι</span> <span class='ocrx_word' id='word_1_257' title='bbox 687 4027 790 4090; x_wconf 84' lang='grc' dir='ltr'><strong><em>δρᾶσαι</em></strong></span> <span class='ocrx_word' id='word_1_258' title='bbox 808 4024 868 4078; x_wconf 87' lang='lat' dir='ltr'><strong><em>AB</em></strong></span> <span class='ocrx_word' id='word_1_259' title='bbox 941 4028 993 4075; x_wconf 84' lang='grc'><strong><em>596</em></strong></span> <span class='ocrx_word' id='word_1_260' title='bbox 1011 4022 1074 4093; x_wconf 84' lang='grc' dir='ltr'><strong><em>τὴν]</em></strong></span> <span class='ocrx_word' id='word_1_261' title='bbox 1093 4020 1144 4091; x_wconf 85' lang='grc' dir='ltr'><strong><em>τὴν</em></strong></span> <span class='ocrx_word' id='word_1_262' title='bbox 1157 4032 1213 4077; x_wconf 84' lang='grc' dir='ltr'><strong><em>τῶν</em></strong></span> <span class='ocrx_word' id='word_1_263' title='bbox 1228 4024 1265 4090; x_wconf 76' lang='grc' dir='ltr'><strong><em>Β,</em></strong></span> <span class='ocrx_word' id='word_1_264' title='bbox 1283 4034 1339 4078; x_wconf 86' lang='grc' dir='ltr'><strong><em>τῶν</em></strong></span> <span class='ocrx_word' id='word_1_265' title='bbox 1352 4024 1392 4095; x_wconf 70' lang='lat' dir='ltr'><strong><em>L(</em></strong></span> 
     </span>
     <span class='ocr_line' id='line_1_35' title="bbox 251 4098 1393 4172; baseline 0.004 -18"><span class='ocrx_word' id='word_1_266' title='bbox 251 4099 330 4172; x_wconf 79' lang='grc' dir='ltr'><strong><em>ὥστ’]</em></strong></span> <span class='ocrx_word' id='word_1_267' title='bbox 356 4098 403 4154; x_wconf 80' lang='grc' dir='ltr'><strong><em>ὥτ’</em></strong></span> <span class='ocrx_word' id='word_1_268' title='bbox 429 4103 457 4155; x_wconf 98' lang='lat' dir='ltr'><strong><em>A</em></strong></span> <span class='ocrx_word' id='word_1_269' title='bbox 480 4119 496 4155; x_wconf 91' lang='grc' dir='ltr'><strong><em>σ</em></strong></span> <span class='ocrx_word' id='word_1_270' title='bbox 519 4119 652 4172; x_wconf 81' lang='lat' dir='ltr'><strong>superscr.</strong></span> <span class='ocrx_word' id='word_1_271' title='bbox 675 4105 725 4171; x_wconf 78' lang='lat' dir='ltr'><strong><em>A²‚</em></strong></span> <span class='ocrx_word' id='word_1_272' title='bbox 748 4104 785 4167; x_wconf 84' lang='grc' dir='ltr'><strong><em>ὡς</em></strong></span> <span class='ocrx_word' id='word_1_273' title='bbox 808 4104 839 4157; x_wconf 85' lang='grc' dir='ltr'><em>Ε</em></span> <span class='ocrx_word' id='word_1_274' title='bbox 921 4108 971 4157; x_wconf 85' lang='grc'><strong><em>597</em></strong></span> <span class='ocrx_word' id='word_1_275' title='bbox 995 4102 1027 4157; x_wconf 84' lang='grc' dir='ltr'><strong><em>εδ</em></strong></span> <span class='ocrx_word' id='word_1_276' title='bbox 1051 4119 1103 4156; x_wconf 87' lang='lat' dir='ltr'><strong><em>om.</em></strong></span> <span class='ocrx_word' id='word_1_277' title='bbox 1124 4104 1152 4156; x_wconf 92' lang='lat' dir='ltr'><strong><em>B</em></strong></span> <span class='ocrx_word' id='word_1_278' title='bbox 1234 4109 1286 4158; x_wconf 85' lang='grc'><strong><em>599</em></strong></span> <span class='ocrx_word' id='word_1_279' title='bbox 1309 4105 1393 4159; x_wconf 86' lang='grc' dir='ltr'><strong><em>ἀναν·</em></strong></span> 
     </span>
     <span class='ocr_line' id='line_1_36' title="bbox 251 4179 1393 4255; baseline 0.004 -21"><span class='ocrx_word' id='word_1_280' title='bbox 251 4179 317 4254; x_wconf 80' lang='grc' dir='ltr'><strong><em>δρίιμ</em></strong></span> <span class='ocrx_word' id='word_1_281' title='bbox 337 4182 364 4234; x_wconf 90' lang='grc' dir='ltr'><em>Β</em></span> <span class='ocrx_word' id='word_1_282' title='bbox 381 4184 385 4252; x_wconf 62' lang='grc' dir='ltr'><strong><em>χ</em></strong></span> <span class='ocrx_word' id='word_1_283' title='bbox 400 4181 432 4236; x_wconf 87' lang='grc' dir='ltr'><strong><em>τὸ</em></strong></span> <span class='ocrx_word' id='word_1_284' title='bbox 451 4186 578 4237; x_wconf 85' lang='grc' dir='ltr'><strong><em>πλεῖστον</em></strong></span> <span class='ocrx_word' id='word_1_285' title='bbox 597 4184 627 4237; x_wconf 82' lang='grc' dir='ltr'><strong><em>Ε</em></strong></span> <span class='ocrx_word' id='word_1_286' title='bbox 642 4184 645 4255; x_wconf 66' lang='grc' dir='ltr'><strong><em>λ</em></strong></span> <span class='ocrx_word' id='word_1_287' title='bbox 662 4181 735 4246; x_wconf 78' lang='grc' dir='ltr'><strong><em>ὅστις</em></strong></span> <span class='ocrx_word' id='word_1_288' title='bbox 752 4183 784 4238; x_wconf 88' lang='grc' dir='ltr'><strong><em>τδ</em></strong></span> <span class='ocrx_word' id='word_1_289' title='bbox 802 4180 887 4238; x_wconf 86' lang='grc' dir='ltr'><strong><em>πλέον</em></strong></span> <span class='ocrx_word' id='word_1_290' title='bbox 901 4184 927 4237; x_wconf 88' lang='lat' dir='ltr'><strong><em>L</em></strong></span> <span class='ocrx_word' id='word_1_291' title='bbox 943 4186 947 4252; x_wconf 93' lang='grc' dir='ltr'>Ι</span> <span class='ocrx_word' id='word_1_292' title='bbox 963 4180 1107 4245; x_wconf 78' lang='grc' dir='ltr'><strong><em>ἀπολέσας</em></strong></span> <span class='ocrx_word' id='word_1_293' title='bbox 1121 4183 1180 4237; x_wconf 87' lang='lat' dir='ltr'><strong><em>AL</em></strong></span> <span class='ocrx_word' id='word_1_294' title='bbox 1253 4189 1306 4238; x_wconf 71' lang='grc'><strong><em>519</em></strong></span> <span class='ocrx_word' id='word_1_295' title='bbox 1324 4184 1393 4253; x_wconf 83' lang='grc' dir='ltr'><strong><em>ταῖς]</em></strong></span> 
     </span>
     <span class='ocr_line' id='line_1_37' title="bbox 252 4262 1393 4333; baseline 0.003 -18"><span class='ocrx_word' id='word_1_296' title='bbox 252 4263 299 4315; x_wconf 87' lang='grc' dir='ltr'><strong><em>καλ</em></strong></span> <span class='ocrx_word' id='word_1_297' title='bbox 317 4262 459 4316; x_wconf 77' lang='lat' dir='ltr'>Hermann</span> <span class='ocrx_word' id='word_1_298' title='bbox 545 4268 597 4316; x_wconf 80' lang='grc'><strong><em>513</em></strong></span> <span class='ocrx_word' id='word_1_299' title='bbox 617 4263 716 4331; x_wconf 81' lang='grc' dir='ltr'><strong><em>δουρὸς</em></strong></span> <span class='ocrx_word' id='word_1_300' title='bbox 733 4283 752 4317; x_wconf 89' lang='grc' dir='ltr'><strong><em>ο</em></strong></span> <span class='ocrx_word' id='word_1_301' title='bbox 838 4270 890 4318; x_wconf 90' lang='grc'><strong><em>514</em></strong></span> <span class='ocrx_word' id='word_1_302' title='bbox 909 4262 1034 4332; x_wconf 85' lang='grc' dir='ltr'><strong><em>σκήπτρα</em></strong></span> <span class='ocrx_word' id='word_1_303' title='bbox 1053 4266 1080 4319; x_wconf 89' lang='lat' dir='ltr'><strong><em>A</em></strong></span> <span class='ocrx_word' id='word_1_304' title='bbox 1166 4269 1218 4317; x_wconf 87' lang='grc'><strong><em>516</em></strong></span> <span class='ocrx_word' id='word_1_305' title='bbox 1238 4263 1343 4333; x_wconf 78' lang='grc' dir='ltr'><strong><em>ἐξαιρεῖ</em></strong></span> <span class='ocrx_word' id='word_1_306' title='bbox 1359 4264 1393 4330; x_wconf 83' lang='grc' dir='ltr'><strong><em>Β,</em></strong></span> 
     </span>
     <span class='ocr_line' id='line_1_38' title="bbox 251 4339 1393 4412; baseline 0.002 -17"><span class='ocrx_word' id='word_1_307' title='bbox 251 4339 354 4408; x_wconf 78' lang='grc' dir='ltr'><strong><em>ἐξαίρει</em></strong></span> <span class='ocrx_word' id='word_1_308' title='bbox 374 4344 472 4411; x_wconf 66' lang='grc' dir='ltr'><em>ΑΕΒ,</em></span> <span class='ocrx_word' id='word_1_309' title='bbox 496 4340 601 4411; x_wconf 80' lang='grc' dir='ltr'><strong><em>ἐξαίρεῖ</em></strong></span> <span class='ocrx_word' id='word_1_310' title='bbox 622 4362 652 4410; x_wconf 85' lang='grc' dir='ltr'><strong><em>ιι,</em></strong></span> <span class='ocrx_word' id='word_1_311' title='bbox 676 4343 786 4412; x_wconf 77' lang='grc' dir='ltr'><strong><em>ἐξαρκεῖ</em></strong></span> <span class='ocrx_word' id='word_1_312' title='bbox 803 4344 871 4398; x_wconf 82' lang='lat' dir='ltr'>Geel</span> <span class='ocrx_word' id='word_1_313' title='bbox 944 4350 995 4398; x_wconf 85' lang='grc'><strong><em>518</em></strong></span> <span class='ocrx_word' id='word_1_314' title='bbox 1018 4342 1088 4411; x_wconf 82' lang='grc' dir='ltr'><strong><em>θέλη</em></strong></span> <span class='ocrx_word' id='word_1_315' title='bbox 1108 4344 1135 4396; x_wconf 93' lang='grc' dir='ltr'><em>Β</em></span> <span class='ocrx_word' id='word_1_316' title='bbox 1213 4350 1264 4397; x_wconf 89' lang='grc'><strong><em>519</em></strong></span> <span class='ocrx_word' id='word_1_317' title='bbox 1289 4343 1393 4399; x_wconf 75' lang='grc' dir='ltr'><strong><em>ἐκείνου</em></strong></span> 
     </span>
     <span class='ocr_line' id='line_1_39' title="bbox 251 4422 1200 4492; baseline 0.001 -16"><span class='ocrx_word' id='word_1_318' title='bbox 251 4422 428 4478; x_wconf 77' lang='lat' dir='ltr'><strong>Valckenaer</strong></span> <span class='ocrx_word' id='word_1_319' title='bbox 500 4430 553 4478; x_wconf 77' lang='lat'><strong><em>520</em></strong></span> <span class='ocrx_word' id='word_1_320' title='bbox 572 4426 717 4478; x_wconf 84' lang='grc' dir='ltr'><strong><em>δουλεῦσαι</em></strong></span> <span class='ocrx_word' id='word_1_321' title='bbox 736 4425 785 4492; x_wconf 86' lang='grc' dir='ltr'><strong><em>ΕΙ</em></strong></span> <span class='ocrx_word' id='word_1_322' title='bbox 801 4442 911 4479; x_wconf 80' lang='lat' dir='ltr'>versum</span> <span class='ocrx_word' id='word_1_323' title='bbox 930 4423 1035 4478; x_wconf 82' lang='lat' dir='ltr'>delevit</span> <span class='ocrx_word' id='word_1_324' title='bbox 1052 4423 1200 4478; x_wconf 79' lang='lat' dir='ltr'>Kirchhoff</span> 
     </span>
    </p>
   </div>
   <div class='ocr_carea' id='block_1_6' title="bbox 0 0 1509 4942">
    <p class='ocr_par' dir='ltr' id='par_1_6' title="bbox 0 0 1509 4942">
     <span class='ocr_line' id='line_1_40' title="bbox 0 0 1509 4942; baseline 0 0"><span class='ocrx_word' id='word_1_325' title='bbox 0 0 1509 4942; x_wconf 95' lang='lat' dir='ltr'><strong><em> </em></strong></span> 
     </span>
    </p>
   </div>
  </div>
 </body>
</html>
