3008 4944
725 303 929 357 ΕΤΡΙΠῙΔΟΤ

389 470 486 554 ξίφος
508 475 682 554 μεθεῖμεν,
707 469 868 553 δυσκλεὴς
890 466 933 533 άν
955 463 998 551 ἦν
1021 470 1139 551 φόνος·

389 586 453 642 νῦν
477 571 508 641 δ’
528 573 612 660 ὑπὲρ
636 575 764 660 ἁπάσης
781 571 941 652 Ἑλλάδος
964 577 1064 641 δώσει
1088 577 1203 658 δίκην,

389 679 437 751 ὧν
460 681 602 768 πατέρας
624 681 756 767 ἔκτειν’,
781 678 829 749 ὧν
853 680 883 749 δ’
906 682 1076 749 ἀπώλεσεν
1098 680 1213 765 τέκνα,

388 792 522 877 νύμφας
544 785 572 855 τ’
595 794 718 875 έθηκεν
741 790 893 875 ὀρφανὰς
916 790 1099 874 ξυναόρων.

388 899 574 984 ὀλολυγμὸς
598 903 703 981 ἔσται,
728 907 795 982 πῦρ
817 895 845 964 τ’
868 898 1058 975 ἀνάψουσιν
1080 903 1189 978 θεοῖς,

388 1004 441 1072 σοὶ
464 1008 571 1072 πολλὰ
594 1004 693 1092 κάμοὶ
714 1000 806 1072 κέδν’
828 1005 995 1091 ἀρώμενοι
1017 1015 1145 1090 τυχεῖν,

388 1123 490 1198 κακῆς
513 1114 672 1198 γυναικὸς
696 1110 806 1198 οὕνεχ’
828 1105 898 1197 αἷμ’
919 1112 1114 1198 ἐπράξαμεν.

387 1221 405 1286 ὁ
429 1223 661 1306 μητροφόντης
684 1219 714 1286 δ’
738 1222 780 1287 οὐ
803 1226 886 1306 καλῄ
908 1221 1032 1305 ταύτην
1055 1221 1202 1304 κτανών,

388 1326 461 1393 ἀλλ’
484 1329 657 1394 ἀπολιπὼν
679 1324 769 1394 τοῦτ’
793 1325 845 1393 ἐπὶ
867 1329 905 1394 τὸ
929 1327 1062 1412 βέλτιον
1084 1336 1185 1413 πεσῄ,

383 1431 518 1521 Ἑλένης
540 1439 719 1521 λεγόμενος
741 1446 798 1520 τῆς
820 1439 1029 1502 πολυκτόνου
1052 1437 1185 1520 φονεύς.

389 1543 430 1609 οὐ
454 1544 508 1608 δεῖ
527 1541 600 1609 ποτ’
623 1544 665 1609 οὐ
689 1546 743 1609 δεῖ
762 1541 943 1609 Μενέλεων
966 1540 1028 1627 μὲν
1050 1543 1217 1627 εὐτυχεῖν,

389 1652 449 1716 τὸν
472 1653 534 1717 σὸν
558 1648 594 1716 δὲ
617 1648 742 1735 πατέρα
764 1649 820 1716 καὶ
842 1649 880 1716 σὲ
903 1649 1074 1735 κάδελφὴν
1097 1656 1236 1733 θανεῖν,

389 1756 513 1844 μητέρα
535 1756 576 1823 τ’·
600 1757 643 1824 έῶ
666 1753 772 1824 τοῦτ’·
795 1757 837 1824 ού
860 1759 923 1843 γὰρ
945 1754 1105 1843 εὐπρεπὲς
1128 1757 1251 1841 λέγειν·

393 1866 518 1950 δόμους
541 1863 571 1930 δ’
594 1868 681 1950 ἔχειν
704 1867 785 1942 σοὺς
807 1859 852 1931 δι’
872 1863 1118 1950 ’Λγαμέμνονος
1141 1866 1225 1952 δόρυ

391 1975 535 2057 λαβόντα
558 1973 708 2058 νύμφην·
732 1973 776 2058 μὴ
799 1976 863 2059 γάρ
887 1968 950 2039 οὖν
974 1971 1059 2061 ζῴην
1083 1976 1145 2055 ἔτι,

387 2080 430 2165 ἣν
452 2082 497 2166 μη
517 2077 563 2145 ’π’
587 2080 696 2166 έκείνη
721 2080 896 2165 φάσγανον
920 2083 1134 2164 σπασώμεθα.

390 2186 433 2272 ἣν
457 2186 487 2252 δ’
510 2182 573 2253 οὖν
595 2189 654 2254 τὸν
672 2183 808 2273 Ἑλένης
830 2189 875 2273 μὴ
897 2188 1111 2275 κατάσχωμεν
1134 2189 1259 2271 φόνον,

388 2297 574 2380 πρήσαντες
597 2300 710 2373 οῖκους
731 2295 852 2361 τούσδε
875 2296 1147 2380 κατθανούμεθα.

389 2401 463 2480 ἑνὸς
486 2404 549 2488 γάρ
572 2402 614 2468 ού
638 2401 820 2486 σφαλέντες
841 2401 958 2489 ἕξομεν
980 2402 1090 2487 κλέος,

387 2516 495 2588 καλῶς
517 2513 681 2586 θανόντες
703 2509 724 2594 ἢ
747 2515 855 2589 καλῶς
878 2509 1069 2596 σεσωμένοι.

337 2670 344 2683 .
392 2618 513 2694 πάσαις
535 2615 687 2700 γυναιξὶν
710 2615 784 2695 άξία
807 2629 941 2702 στυγεῖν
964 2621 1030 2703 έφυ

386 2725 407 2810 ἡ
435 2721 602 2808 Τυνδαρὶς
623 2736 716 2808 παῖς,
737 2724 759 2808 ἣ
782 2722 990 2812 κατῄσχυνεν
1013 2723 1116 2810 λέχος.

328 2892 335 2908 .
387 2851 465 2927 φεῦ·

387 2949 448 3016 οὐκ
471 2952 562 3014 ἔστιν
586 2945 687 3015 οὐδὲν
710 2960 866 3034 κρεῖσσον
888 2949 910 3033 ἣ
933 2953 1032 3034 φίλος
1055 2951 1181 3034 σαφής,

390 3057 431 3123 ού
454 3062 611 3140 πλοῦτος,
636 3056 678 3122 οὐ
700 3060 875 3141 τυραννίς·
898 3056 1076 3142 άλόγιστον
1099 3055 1140 3122 δέ
1160 3081 1192 3122 τι

387 3166 425 3231 τὸ
448 3170 578 3250 πλῆθος
601 3164 812 3250 ἀντάλλαγμα
835 3168 993 3248 γενναίου
1016 3169 1129 3249 φίλου.

346 3403 413 3451 1133
433 3394 567 3468 φόβοςΕ
621 3403 689 3451 1134
708 3396 803 3467 δώσει]
816 3394 882 3449 fort.
897 3392 965 3450 τίσει
1022 3400 1089 3450 1135
1109 3395 1172 3450 fort.
1188 3391 1245 3465 χῶν
1259 3394 1399 3465 πατέραςΙ

255 3478 371 3543 ἔκτανεν
385 3479 416 3534 F
431 3477 449 3532 ἰ
466 3494 488 3534 ο.
508 3474 602 3532 ἔκταν’
622 3480 627 3545 Ι
642 3475 685 3548 δ’]
705 3473 730 3530 τ’
743 3478 770 3530 Β
787 3482 791 3544 Ι
807 3474 931 3531 ἀπώλεσε
945 3476 1040 3531 BEL
1082 3481 1222 3530 1137-33
1243 3476 1369 3547 suspecti

256 3564 322 3612 1137
342 3555 370 3612 δ’
393 3557 469 3611 ἔσται
492 3557 532 3625 E,
563 3556 638 3610 unde
666 3554 804 3626 ὀλόλυγμα
832 3553 859 3610 δ’
887 3556 963 3610 ἔσται
990 3555 1132 3611 Hermann
1157 3557 1162 3627 Ι
1187 3555 1335 3626 άνάψονσι
1353 3555 1404 3611 BS

254 3637 426 3707 (ἀνάψουσιν
446 3639 465 3706 l)
553 3643 621 3691 1139
641 3634 800 3706 ἐπράξαμεν
819 3637 859 3703 Β,
881 3637 931 3690 sed
950 3637 984 3702 ξα
1003 3635 1033 3690 in
1051 3653 1106 3692 ras.
1125 3653 1176 3690 εοτ.
1196 3637 1212 3690 b
1302 3635 1402 3691 11403

254 3734 307 3772 om.
328 3719 364 3783 L,
382 3717 477 3772 add.l
533 3724 600 3771 1142
620 3716 769 3788 γενόμενος
787 3718 815 3771 Β
871 3722 939 3771 1143
959 3714 1037 3790 ποτ’]
1058 3716 1111 3789 γὰρ
1130 3717 1216 3785 ΡιιΙεγ
1271 3723 1342 3771 1144
1355 3717 1403 3771 τὸν

254 3815 308 3852 om.
327 3799 363 3866 L,
382 3797 446 3852 add.
466 3799 476 3851 λ
532 3804 600 3852 1145
620 3796 724 3868 μητέρα
738 3797 766 3852 δ’
783 3796 813 3851 in
827 3813 880 3851 rec.
895 3796 969 3852 libro
985 3801 989 3867 Ι
1005 3806 1087 3852 τοῦτο
1102 3798 1129 3852 L
1145 3799 1148 3868 Ι
1165 3813 1275 3851 versum
1290 3798 1403 3853 delebat

254 3877 397 3948 Hartung‚
426 3877 514 3932 etiam
533 3885 673 3934 1146-48
696 3877 819 3950 suspecti
842 3879 939 3948 (unum
959 3885 1027 3934 1148
1054 3879 1131 3934 delet
1149 3878 1236 3933 etiam
1256 3879 1334 3950 Oeri)

255 3964 324 4012 1146
343 3956 446 4026 δόμους
464 3956 489 4012 τ’
507 3959 535 4013 Β
556 3961 561 4027 Ι
581 3960 665 4029 δορός
683 3959 805 4014 Schenkl
879 3964 947 4013 1143
965 3957 1008 4014 ’πι
1023 3956 1115 4031 ’κείνη
1134 3960 1177 4027 Β,
1192 3956 1236 4013 ’πι
1256 3958 1337 4033 κείνη
1357 3962 1401 4031 L!

254 4039 438 4111 σπασώμεθα]
462 4037 619 4109 Kirchhoff,
642 4038 809 4109 σπασάμεθα
829 4044 869 4109 Β,
891 4040 986 4096 σπάσα
1005 4038 1090 4110 μέλαν
1110 4039 1196 4095 ceteri
1292 4048 1361 4097 1149
1381 4042 1404 4096 εἰ

254 4118 282 4173 δ’
300 4115 350 4174 οὖν
366 4119 400 4186 G,
418 4116 454 4188 ἢν
471 4117 499 4173 δ’
516 4116 553 4173 αύ
568 4121 598 4175 F
646 4128 714 4176 1151
730 4120 804 4193 ἑνὸς]
820 4123 902 4177 δυοῖν
915 4122 1016 4176 Nauck
1068 4127 1136 4174 1152
1155 4119 1323 4190 σεσωσμένοι
1338 4122 1403 4176 libri

291 4206 360 4254 1154
383 4199 538 4272 κατῄσχυνε
561 4201 634 4268 ΑΒ,
663 4201 836 4275 κατῄσχυνεν
864 4205 932 4257 mut.
960 4202 990 4256 in
1013 4200 1169 4274 κατῄσχυνε
1192 4220 1211 4256 υ
1236 4207 1240 4271 Ι
1266 4200 1346 4273 λέχος
1368 4204 1402 4270 Β,

254 4279 335 4351 γένος
363 4279 450 4335 ceteri
541 4288 609 4335 1155
633 4282 725 4351 σαφής
752 4304 793 4354 γρ.
817 4285 866 4338 καλ
890 4282 1000 4354 ἀληθής
1022 4284 1065 4350 Α,
1094 4281 1186 4352 σαφής
1209 4285 1239 4335 et
1261 4282 1292 4336 in
1315 4301 1402 4354 marg.

254 4360 445 4496 ἀντλίάληθῄς
463 4379 490 4431 α,
509 4362 619 4432 ἀληθής
635 4365 653 4416 λι
728 4369 794 4417 1157
813 4365 934 4436 πλῆθος]
951 4363 1015 4419 fort.
1035 4365 1121 4434 κῆδος
1145 4365 1149 4432 Ι
1173 4361 1339 4434 όιντάλαγμα
1354 4365 1401 4438 ΒΙ

253 4460 322 4513 γενα
335 4463 369 4498 ον
388 4444 416 4498 A
