3052 4934
733 314 937 367 ΕΥΡΙΠΙΔΟΥ

394 480 438 557 ὡς
460 478 542 564 ἡδὺς
566 478 603 544 ἐν
625 481 769 563 πόρπακι
793 479 850 555 σὸς
873 489 978 543 κεῖται
1000 479 1103 555 τύπος

393 589 484 663 ίτυός
506 584 537 651 τ’
559 585 595 651 ἐν
619 586 809 672 εὐτόρνοισι
830 587 1046 672 περιδρόμοις
1070 585 1187 670 ίδρώς,

392 693 432 759 δν
455 693 490 760 ἐκ
514 695 668 778 μετώπου
691 694 851 770 πολλάκις
873 696 998 783 πόνους
1021 696 1106 778 ἔχων

394 803 527 880 ἔσταζεν
542 799 670 888 Ἕκτωρ
693 798 888 885 προστιθεὶς
911 801 1066 884 γενειάδι.

395 906 527 993 φέρετε,
550 904 690 991 κομίζετ’
713 907 821 994 ἀθλίφ
845 910 971 991 κόσμον
995 917 1101 995 νεκρῷ

393 1014 429 1082 ἐκ
450 1027 518 1081 τῶν
541 1017 731 1098 παρόντων·
755 1015 797 1079 οὐ
820 1015 883 1099 γάρ
908 1015 940 1091 ἐς
962 1016 1083 1091 κάλλος
1105 1014 1205 1099 τύχας

394 1125 523 1208 δαίμων
546 1123 702 1187 δίδωσιν·
725 1116 773 1188 ὧν
797 1119 826 1186 δ’
850 1123 929 1205 ἔχω,
953 1123 1042 1207 λήψη
1065 1122 1151 1186 τάδε.

395 1236 533 1313 θνητῶν
557 1226 593 1295 δὲ
617 1241 727 1315 μῶρος
751 1228 842 1306 ὅστις
865 1223 903 1294 εὖ
926 1229 1088 1313 πράσσειν
1111 1229 1220 1293 δοκῶν

392 1335 511 1418 βέβαια
535 1340 658 1421 χαίρει·
683 1346 752 1413 τοῖς
774 1340 909 1419 τρόποις
930 1337 994 1419 γάρ
1019 1336 1056 1400 αἱ
1075 1337 1186 1418 τύχαι,

393 1445 576 1526 ἔμπληκτος
600 1443 644 1520 ὡς
667 1444 862 1527 ἄνθρωπος,
885 1439 996 1507 ἄλλοτ’
1019 1444 1138 1508 ἄλλοσε

392 1549 540 1633 πηδῶσι,
563 1548 697 1627 κούδεὶς
720 1549 819 1626 αὑτὸς
841 1549 976 1634 εὐτυχεῖ
995 1570 1081 1614 ποτε.

341 1708 348 1720 .
394 1654 538 1741 καὶμὴν
562 1659 625 1741 πρὸ
649 1667 770 1742 χειρῶν
793 1657 865 1721 αἵδε
889 1675 943 1722 σοι
966 1656 1203 1740 σκυλευμάτων

397 1766 555 1847 Φρυγίων
578 1763 719 1850 φέρουσι
742 1766 869 1848 κόσμον
891 1762 1043 1842 ἐξάπτειν
1058 1770 1180 1850 νεκρῷ.

342 2009 349 2024 .
396 1954 422 2025 ὦ
445 1958 580 2043 τέκνον,
603 1960 664 2045 οὐχ
688 1962 816 2027 ἵπποισι
839 1960 1021 2044 νικήσαντά
1045 1977 1082 2027 σε

393 2061 466 2141 οὐδ’
487 2067 603 2150 ἥλικας
625 2068 788 2151 τόξοισιν,
811 2067 871 2145 οὓς
896 2068 1028 2154 Φρύγες
1050 2070 1175 2152 νόμους

394 2186 550 2259 τιμῶσιν,
574 2175 635 2242 οὐκ
657 2175 691 2253 ἐς
714 2177 906 2261 πλησμονάς
928 2177 1136 2261 θηρώμενοι,

394 2285 501 2367 μήτηρ
523 2285 647 2368 πατρός
670 2300 723 2357 σοι
746 2277 949 2368 προστίθημ’
971 2282 1141 2366 ἀγάλματα

391 2400 459 2454 τῶν
482 2400 551 2454 σῶν
573 2386 645 2454 ποτ’
669 2390 792 2455 ὄντων·
814 2399 880 2455 νῦν
904 2388 943 2455 δέ
964 2384 995 2455 σ’
1016 2388 1037 2473 ἡ
1060 2389 1247 2472 θεοστυγὴς

392 2493 545 2580 ἀφείλεθ’
567 2491 700 2580 Ἑλένη,
724 2499 807 2582 πρὸς
831 2493 867 2562 δὲ
891 2494 946 2561 καὶ
969 2498 1080 2582 ψυχὴν
1103 2495 1204 2561 σέθεν

393 2605 517 2669 ἔκτεινε
539 2600 595 2667 καὶ
617 2600 713 2667 πάντ’
736 2597 830 2669 οἷκον
853 2602 1065 2683 ἐξαπώλεσεν.

341 2763 347 2775 ,
393 2709 463 2792 ἓέ,
487 2720 622 2793 φρενῶν

393 2820 504 2899 ἔθιγες
527 2820 652 2900 ἔθιγες·
677 2813 703 2882 ὦ
727 2815 828 2902 μέγας
851 2818 927 2902 ἐμοί
947 2814 1018 2883 ποτ’
1040 2817 1088 2882 ὢν

393 2924 544 3008 ἀνάκτωρ
567 2928 701 3002 πόλεως.

340 3163 347 3177 .
393 3111 414 3176 δ
438 3105 469 3176 δ’
491 3110 528 3177 ἐν
550 3111 685 3197 γάμοισι
708 3122 792 3197 χρῆν
815 3131 852 3179 σε
874 3110 1090 3194 προσθέσθαι
1112 3113 1190 3196 χροΐ

392 3217 587 3285 Ἀσιατίδων
609 3221 759 3301 γήμαντα
783 3220 845 3303 τὴν
867 3219 1069 3303 ὑπερτάτην,

396 3328 527 3409 Φρύγια
550 3324 684 3391 πέπλων
707 3323 868 3411 ἀγάλματ’
891 3325 1017 3405 ἐξάπτω
1040 3329 1147 3413 χροός.

395 3435 437 3499 σύ
459 3430 505 3516 τ’,
528 3429 554 3498 ὦ
578 3429 650 3498 ποτ’
673 3428 756 3498 οὖσα
779 3437 947 3500 καλλίνικε
970 3437 1100 3519 μυρίων

394 3550 495 3624 μῆτερ
518 3544 703 3624 τροπαίων,
718 3538 875 3627 Ἕκτορος
898 3543 1000 3624 φίλον
1024 3541 1139 3623 σάκος,

351 3739 419 3787 1190
439 3739 476 3806 σῷ
495 3742 585 3789 κεῖται
603 3733 725 3801 Dobroe,
749 3733 813 3788 fort.
833 3732 946 3806 σῴζεται
1036 3740 1104 3789 1199
1124 3733 1235 3800 ἔσταξεν
1256 3735 1292 3801 O,
1316 3732 1410 3800 ἔσταζί

260 3811 285 3866 τ’
307 3813 396 3867 Bothe
488 3820 557 3868 1202
581 3809 632 3887 ὦν]
655 3813 718 3869 fort.
743 3813 796 3869 ὅσα
888 3821 956 3869 1203
976 3818 1042 3869 ante
1066 3831 1176 3870 versum
1200 3813 1286 3884 ὥριον
1300 3818 1341 3886 ’ζῆ
1362 3814 1406 3887 Gt

261 3893 346 3961 μόρος
373 3895 407 3948 Ν
502 3901 579 3948 1204
607 3903 666 3956 τοῖς
692 3893 817 3966 τρόποις]
846 3894 910 3949 sort.
940 3896 1110 3963 πολύτροποι
1220 3901 1289 3949 1206
1313 3895 1409 3965 amc]

260 3972 449 4040 Valckenaer‚
477 3975 561 4037 αὐτὸς
579 3974 645 4028 libri
670 3977 675 4045 1
700 3976 799 4047 εὐτυχῆ
819 3977 846 4030 Ρ
867 3977 977 4047 εὐτυχεῖ
993 3995 1016 4046 p
1040 3979 1045 4043 1
1069 3976 1139 4030 κούκ
1162 3973 1208 4029 ἀεί
1231 3973 1302 4029 ποθ’
1325 3975 1409 4036 αὐτὸς

261 4053 371 4124 εύτυχεί
392 4054 416 4107 J.
432 4054 567 4120 Heiland‚
592 4055 656 4109 fort.
681 4057 792 4118 κούδείς
814 4055 863 4110 διὰ
886 4054 981 4119 τέλους
1003 4053 1034 4118 ὃς
1057 4056 1167 4126 εὐτυχεῖ
1256 4054 1408 4109 12011οτ1.

260 4132 410 4204 πρόχειρον
497 4140 565 4188 1208
584 4135 697 4200 ἐξάπειν
716 4138 744 4191 Β
768 4141 773 4206 Ι
798 4144 898 4204 νεκροῦ
917 4135 1018 4190 Nauck
1100 4140 1169 4189 1210
1188 4134 1250 4206 οὓς]
1269 4135 1307 4198 ὡς
1326 4135 1359 4189 Ν

262 4219 329 4267 1211
350 4213 423 4267 inter
442 4215 493 4269 ούκ
512 4218 541 4268 et
560 4214 588 4278 ἐς
606 4232 701 4270 versus
720 4216 897 4271 intercidisse
916 4216 1026 4270 videtur
1048 4215 1214 4287 (posthunc
1233 4234 1256 4270 v.
1277 4214 1407 4269 lacunam

261 4292 363 4348 statuit
381 4294 531 4365 Hermann)
606 4301 674 4349 1212
693 4293 877 4368 προστίθημ’]
896 4296 1079 4362 Ηοτιτοτδοιι,
1098 4293 1265 4365 προστίθησ’
1287 4294 1355 4348 libri

263 4381 331 4428 1210
355 4375 507 4440 ἐξαπάλεσε
530 4376 597 4430 ΒΝ
685 4383 753 4431 1218
776 4379 888 4447 γάμοισι
916 4378 998 4449 χρῆν]
1022 4377 1053 4430 R.
1074 4376 1168 4443 Prinz,
1197 4376 1298 4446 γάμοις
1325 4376 1408 4448 ἐχρῆν

261 4454 326 4508 libri
343 4456 347 4526 Ι
363 4455 525 4523 προθέσθαι
545 4458 577 4511 Ν
647 4463 716 4510 1220
735 4475 787 4512 om.
810 4459 852 4529 Ol
868 4457 962 4529 χροός]
981 4466 1082 4526 νεκροῦ
1102 4455 1223 4528 Lenting
