3014 4928
645 325 768 378 ΡΗΣΟΣ

271 486 423 570 ἐλθόντα,
446 485 500 552 καὶ
524 489 568 572 μη
592 484 689 553 τούπὶ
714 483 744 552 ο’
770 481 926 571 Ἀργείων
950 487 1015 555 ὕπο

274 597 397 678 Τροίαν
421 594 512 660 έᾶσαι
535 597 702 679 πολεμίων
725 605 838 660 πεσεῖν
862 596 946 679 δορί.

272 700 312 765 οὐ
335 702 399 784 γάρ
423 726 454 765 τι
477 699 579 780 λέξεις
602 702 646 779 ὡς
669 703 809 785 ἄκλητος
832 701 880 766 ὢν
902 704 1015 786 φίλοις

270 807 331 872 οὐκ
354 803 456 891 ἦλθες
479 803 554 874 οὐδ’
579 809 708 893 ἤμυνας
731 806 806 873 οὐδ’
834 808 1049 896 ἐπεστράφης.

269 917 319 991 τίς
341 916 404 997 γάρ
429 935 465 980 σε
487 914 590 999 κῆρυξ
614 915 633 999 ἢ
657 918 815 1000 γερουσία
841 920 987 1001 Φρυγῶν

269 1019 406 1087 έλθοῦσ’
434 1022 574 1106 ἀμύνειν
598 1022 659 1089 οὐκ
682 1024 866 1108 ἐπέσκηψεν
889 1027 999 1103 πόλεις

268 1140 367 1193 ποῖον
391 1126 428 1194 δὲ
452 1131 570 1213 δώρων
594 1133 721 1213 κόσμον
745 1129 806 1195 οὐκ
830 1128 1033 1216 έπέμφαμενς

269 1239 312 1301 σὺ
336 1235 376 1299 δ’.
393 1235 529 1319 ἐγγενὴς
552 1237 599 1301 ὢν
622 1236 790 1321 βάρβαρός
811 1260 846 1302 τε
870 1239 1061 1321 βαρβάρους

259 1342 418 1428 Ἕλλησιν
441 1343 525 1426 ἡμᾶς
548 1345 708 1423 προύπιες
730 1345 767 1408 τὸ
793 1345 853 1408 σὸν
877 1342 984 1426 μέρος.

267 1454 373 1516 καίτοι
397 1468 433 1515 σε
456 1459 574 1535 μικρᾶς
597 1449 632 1514 έκ
655 1451 854 1534 τυραννίδος
877 1450 981 1535 μέγαν

269 1563 410 1644 Θρηκῶν
433 1558 557 1621 άνακτα
579 1551 652 1643 τῇδ’
679 1555 774 1640 ἔθηκ’
800 1556 864 1640 ἐγὼ
888 1561 969 1643 χερί,

266 1663 313 1731 ὅτ’
341 1662 426 1749 ἀμφὶ
450 1665 625 1748 Πάγγαιόν
649 1688 682 1729 τε
708 1665 867 1729 Παιόνων
890 1688 924 1730 τε
947 1674 1011 1750 γῆν

269 1777 410 1858 Θρῃκῶν
433 1771 580 1856 ἀρίστοις
603 1770 753 1855 ἐμπεσὼν
777 1773 859 1836 κατὰ
882 1775 987 1857 στόμα

267 1881 386 1964 ἔρρηξα
408 1876 543 1963 πέλτην,
567 1876 620 1943 σοὶ
644 1875 681 1943 δὲ
705 1880 877 1956 δουλώσας
901 1881 988 1945 λεὼν

269 1984 446 2071 παρέσχον·
471 1980 519 2051 ὧν
543 1988 585 2050 σὺ
609 1987 763 2063 λακτίσας
786 1988 913 2071 πολλὴν
936 1989 1046 2073 χάριν,

267 2098 376 2177 φίλων
399 2093 592 2158 νοσούντων
615 2092 754 2176 ὕστερος
776 2094 985 2178 βοηδρομεῖς.

267 2200 302 2264 οί
323 2196 352 2263 δ’
380 2197 481 2265 οὐδὲν
504 2198 583 2284 ἡμῖν
608 2199 644 2263 έν
667 2198 757 2283 γένει
780 2203 979 2284 πεφυκότες,

266 2307 368 2372 πάλαι
390 2310 564 2390 παρόντες,
587 2308 622 2371 οἳ
643 2303 704 2390 μέν
728 2306 765 2371 ἐν
787 2318 927 2392 χωστοῖς
949 2309 1067 2391 τάφοις

265 2424 390 2478 κεῖνται
413 2415 583 2495 πεσόντες,
606 2414 714 2488 πίστις
738 2411 779 2479 οὐ
802 2415 924 2498 σμικρά
947 2419 1057 2498 πόλει,

267 2523 303 2584 οἳ
323 2516 353 2583 δ’
380 2523 417 2584 ἔν
439 2517 475 2586 θ’
504 2520 635 2585 ὅπλοισι
658 2517 710 2584 καὶ
735 2518 812 2602 παρ’
840 2520 981 2599 ἱππείοις
1004 2524 1095 2606 ὄχοις

267 2628 399 2712 ψυχράν
422 2628 521 2711 ἄησιν
545 2628 660 2704 δίψιόν
683 2650 717 2690 τε
740 2636 807 2710 πῦρ
831 2634 917 2693 θεοῦ

266 2732 404 2819 μένουσι
427 2743 679 2817 καρτεροῦντες,
704 2734 765 2798 οὐκ
788 2733 826 2799 έν
849 2735 997 2817 δεμνίοις

266 2843 396 2926 πυκνην
419 2843 561 2926 άμυστιν
585 2842 629 2918 ὧς
653 2844 696 2906 σὺ
712 2841 935 2924 δεξιούμενοι.

265 2945 378 3026 ταῦθ’,
402 2949 447 3026 ὡς
470 2947 512 3013 άν
536 2949 626 3034 εἰδῇς
641 2943 769 3032 Ἕκτορ’
796 2945 865 3014 ὅντ’
893 2949 1084 3031 ἐλεύθερον,

266 3053 320 3120 καί
345 3054 519 3141 μέμφομαί
539 3074 592 3120 σοι
615 3051 670 3120 καὶ
694 3054 779 3137 λέγω
803 3053 875 3121 κατ’
900 3056 988 3140 όμμα
1012 3060 1081 3121 σόν.

134 3167 201 3227 ΡΗ.
266 3165 415 3238 τοιοῦτός
438 3164 505 3244 είμι
527 3161 662 3242 καύτός,
686 3161 824 3226 εὐθεῖαν
847 3164 957 3244 λόγων

265 3269 395 3352 τέμνων
417 3269 592 3350 κέλευθον,
616 3268 677 3333 κού
702 3269 839 3345 διπλοῦς
862 3266 983 3352 πέφυκ’
1008 3268 1103 3354 άνηρ.

269 3375 332 3459 ἐγὼ
357 3372 393 3441 δὲ
417 3379 528 3460 μεῖζον
552 3375 572 3458 ἣ
596 3377 639 3439 σὺ
662 3372 755 3457 τῆσδ’
783 3374 876 3440 άπὼν
900 3377 1024 3458 χθονὸς

266 3485 353 3567 λύπη
377 3485 460 3568 πρὸς
482 3477 569 3566 ἧπαρ
594 3483 776 3565 δυσφορῶν
800 3482 986 3567 ἐτειρόμην·
1193 3554 1195 3556 ,
1225 3499 1277 3548 415

222 3746 273 3793 307
292 3737 414 3794 τούπίσω
433 3736 585 3810 άργείωνο
648 3744 700 3792 398
719 3735 839 3809 πολεμίῳ
858 3736 948 3792 Bothe
1012 3744 1064 3791 399
1083 3740 1175 3807 φίλοις
1193 3740 1277 3805 cLP,

134 3819 214 3888 φίλος
233 3822 291 3875 130
373 3826 426 3874 400
445 3837 497 3873 om.
517 3839 531 3874 υ
548 3825 551 3885 Ι
568 3814 658 3888 ἡλθας
677 3821 704 3873 Β
785 3824 837 3871 402
857 3815 995 3886 έπέσκυψε
1015 3820 1043 3872 Β
1123 3824 1175 3873 403
1195 3829 1278 3875 ποῖον

131 3901 196 3967 LP,
215 3899 306 3955 ποίων
325 3901 399 3955 BCc
471 3904 523 3952 404
543 3898 655 3968 εὐγενὴς
673 3917 688 3953 ο
703 3901 707 3967 Ι
724 3899 884 3970 βαρβάρους
903 3899 967 3966 LP,
987 3898 1131 3969 βαρβάρου
1150 3901 1245 3955 BCcv
1271 3938 1272 3941 =

131 3987 183 4035 408
202 3989 358 4050 παγαῖονι·
434 3984 485 4032 409
505 3977 635 4046 ἀρίστους
654 3980 700 4034 Bc
772 3984 823 4031 412
843 3976 955 4045 ὕστερος
973 3998 994 4045 c,
1016 3977 1132 4046 ὕστερον
1151 3981 1277 4048 BOLP,

131 4061 180 4115 sed
204 4083 218 4124 ς
242 4076 326 4131 super
348 4081 364 4115 v
389 4078 439 4114 scr.
460 4078 482 4129 p
507 4063 511 4128 Ι
536 4061 702 4130 βοηδρομεῖς
719 4060 789 4125 LP,
819 4060 987 4129 βοηδρομεῖν
1007 4061 1074 4126 ΒΟ,
1102 4059 1152 4114 cfr.
1172 4066 1223 4114 333

131 4147 183 4194 41³
203 4141 233 4196 έν
253 4140 339 4211 γένει]
358 4140 543 4207 Valckenaer,
567 4140 687 4209 ἐγγενεῖς
706 4140 733 4192 Β
740 4140 831 4205 OLP,
856 4140 976 4209 εὐγενεῖς
994 4158 1008 4194 c
1098 4145 1149 4192 416
1169 4138 1225 4194 οἵδ’
1246 4140 1277 4194 έν

131 4218 239 4276 ὅπλοισι
258 4240 280 4289 ι,
299 4221 326 4275 οἱ
345 4219 372 4275 δ’
395 4218 498 4275 ἐνθάδ’
521 4218 616 4281 δπλοις
635 4220 693 4274 LP
781 4226 832 4273 411
853 4219 920 4289 άησι·
938 4221 965 4273 Β
986 4223 990 4289 Ι
1010 4238 1048 4287 τε,
1067 4222 1132 4289 post
1151 4240 1162 4274 ε
1184 4219 1277 4274 deleto

131 4319 154 4367 σ,
173 4304 201 4356 Β
283 4307 335 4355 418
355 4301 469 4369 μένουσι
487 4300 696 4370 καρτεροῦντες]
715 4296 776 4353 σῦκ’
799 4300 829 4354 ἐν
847 4309 1078 4368 καρτεροῦντεςο
1158 4306 1209 4354 421
1230 4300 1279 4353 καὶ

130 4380 192 4435 κατ’
211 4381 314 4451 ὄμμασι
332 4381 433 4452 λέγων
505 4385 556 4433 422
573 4384 628 4434 PH.
645 4397 727 4436 οντα
798 4387 850 4434 423
870 4379 959 4451 τέμνω
973 4380 1074 4435 Nauck
1146 4387 1199 4437 424
1219 4375 1278 4448 μεί·

129 4460 188 4530 ζον’
209 4462 276 4532 LP,
295 4461 358 4518 fort.
378 4464 482 4531 μᾶλλον
553 4467 605 4518 425
625 4458 782 4535 ἐτειρόμην]
800 4461 863 4516 fort.
883 4460 1015 4536 έχριόμην
