3014 4942
590 277 816 332 ΙΠΠΟΑΤΊῸΣ

260 439 362 516 αἰδώς
384 463 428 505 τε.
470 437 583 505 δισσαὶ
606 436 637 505 δ’
660 442 757 522 εἰσίν,
780 440 800 525 ή
824 437 886 526 μὲν
909 442 951 508 ού
973 447 1074 526 κακή,

259 546 280 629 ή
304 542 335 611 δ’
354 547 460 631 ἄχθος
483 553 594 613 οἴκων.
635 549 667 613 εἰ
688 545 757 614 δ’ὁ
781 551 895 633 καιρὸς
917 545 960 633 ήν
983 553 1108 634 σαφής,

260 652 321 719 οὐκ
345 652 388 718 ἂν
410 652 464 719 δύ’
482 655 586 738 ήστην
608 651 701 720 ταῦτ’
721 658 833 740 ἔχοντε
856 656 1038 741 γράμματα.

258 756 350 825 ταῦτ’
369 755 431 826 οὖν
455 761 569 845 ἐπειδή
593 762 746 846 τυγχάνω
769 761 953 845 προγνοῦσ’
971 763 1052 848 ἐγώ,
1103 778 1105 783 ’

261 867 323 933 οὐκ
345 862 419 933 ἔσθ’
438 867 542 956 ὁποίφ
567 869 732 955 φαρμάκῳ
757 870 958 954 διαφθερεῖν

259 976 409 1059 ἔμελλον,
432 975 516 1041 ὥστε
539 975 726 1058 τοῦμπαλιν
748 986 863 1042 πεσεῖν
886 989 1030 1061 φρενῶν.

258 1080 339 1161 λίξω
364 1079 402 1148 δὲ
424 1079 479 1148 καλ
503 1079 555 1148 σοί
581 1091 639 1166 τής
662 1080 740 1166 ἐμής
762 1084 896 1168 γνώμης
918 1084 1017 1150 ὁδόν·

257 1187 331 1254 ἐπεί
351 1186 385 1274 μ’
403 1192 487 1274 ἔρως
510 1192 666 1274 ἔτρωσεν,
690 1189 856 1255 ἐσκόπουν
879 1191 967 1269 ὅπως

255 1294 401 1362 κάλλιστ’
422 1295 589 1382 ἐνέγκαιμ’
606 1297 719 1363 αὐτόν.
760 1296 910 1382 ἠρξάμην
934 1295 995 1383 μὲν
1019 1295 1081 1366 οὖν

258 1402 293 1468 ἐκ
315 1405 431 1488 τοῦδε,
454 1414 554 1487 σιγᾶν
577 1406 677 1488 τήνδε
700 1402 757 1470 καὶ
779 1406 938 1489 κρύπτειν
961 1409 1074 1473 νόσον.

256 1512 389 1596 γλώσση
412 1512 476 1596 γάρ
500 1509 602 1578 οὐδὲν
625 1514 754 1592 πιστόν,
778 1512 798 1596 ή
822 1519 950 1596 θυραῖα
973 1510 1035 1598 μὲν

254 1619 441 1703 φρονήματ’
459 1619 593 1704 ἀνδρῶν
617 1625 794 1685 νουθετεῖν
817 1619 1001 1705 ἐπίσταται,

255 1725 338 1809 αύτή
363 1723 395 1791 δ’
412 1720 472 1811 ὑφ’
489 1726 591 1811 αὑτής
613 1731 749 1793 πλεῖστα
773 1726 924 1811 κέκτημαι
947 1728 1039 1794 κακά.

256 1834 293 1898 τὸ
317 1833 476 1917 δεύτερον
500 1829 537 1899 δὲ
558 1836 622 1917 τήν
645 1835 766 1899 ἄνοιαν
788 1829 826 1900 εὖ
849 1833 965 1919 φέρειν

252 1949 298 2027 τςδ
323 1952 514 2024 σωφρονεῖν
536 1952 662 2007 νικῶσα
685 1942 956 2026 προυνοησάμην.

251 2049 366 2131 τρίτον
389 2043 434 2130 δ’,
460 2046 572 2132 ίπειδή
595 2044 714 2114 τοισίδ’
733 2048 795 2114 οὐκ
817 2047 977 2130 ἐξήνυτον

253 2154 386 2238 Κύπριν
408 2165 586 2240 κρατήσαι,
610 2160 791 2221 κατθανεῖν
815 2154 910 2235 ἔδοξέ
930 2179 1003 2241 μοι,

252 2262 441 2348 κράτιστον,
465 2260 575 2340 οὐδεὶς
598 2261 743 2345 ἀντερεῖ,
767 2264 1013 2348 βουλευμάτων.

255 2366 327 2453 ἐμοὶ
349 2370 413 2453 γδιρ
437 2374 488 2452 εἰη
512 2373 592 2453 μήτε
616 2370 800 2436 λανθάνειν
823 2372 907 2436 καλὰ

252 2470 326 2561 μήτ’
344 2477 463 2561 αἰσχρὰ
487 2478 600 2562 δρώση
624 2477 792 2562 μάρτυρας
814 2480 960 2555 πολλοὺς
983 2481 1080 2563 ἔχειν.

249 2583 287 2648 τὸ
310 2581 341 2649 δ’
360 2585 460 2668 ἔργον
484 2581 549 2669 ᾔδη
571 2584 634 2667 τήν
658 2587 762 2649 νόσον
785 2608 820 2651 τε
844 2587 1003 2670 δυσκλεᾶ,
1209 2605 1263 2652 405

250 2693 336 2774 γυνή
359 2713 394 2755 τε
417 2691 500 2774 πρὸς
522 2687 628 2755 τοῖσδ’
647 2684 720 2756 οὖσ’
738 2690 942 2774 ἐγίγνωσκον
965 2698 1091 2778 καλῶς,

252 2800 377 2883 μίσημα
399 2805 508 2862 πᾶσιν.
553 2797 597 2873 ὡς
620 2798 731 2863 ὄλοιτο
755 2798 931 2881 παγκάκως

249 2906 320 2989 ήτις
342 2907 425 2989 πρὸς
447 2905 574 2989 ἄνδρας
595 2903 707 2989 ἤρξατ’
727 2906 898 2990 αἰσχύνειν
921 2906 1000 2994 λε’χη

204 3125 255 3173 385
275 3117 352 3172 δισαλ
366 3118 394 3173 A
415 3117 419 3187 Ι
440 3112 491 3171 οὖν
510 3115 620 3184 ταλήθ
689 3121 741 3171 386
761 3113 884 3173 οἰκονΚ
952 3126 1003 3172 387
1024 3118 1117 3188 ἥσθην
1128 3121 1157 3187 0,
1178 3119 1264 3189 ἤστην

115 3200 201 3255 etiam
221 3200 264 3267 K,
284 3196 353 3268 ήτην
372 3196 457 3251 schol.
477 3197 558 3253 Hom.
576 3197 608 3252 ss.
630 3203 720 3265 1,104
741 3200 745 3268 Ι
766 3197 844 3252 ταῦτ’
861 3200 901 3266 L,
924 3195 1004 3253 ταῦτ’
1022 3201 1139 3255 AaBP
1157 3203 1161 3267 Ι
1181 3197 1260 3253 ταῦτ’

116 3280 213 3351 ἔχοντα
232 3279 274 3347 Ε,
294 3276 372 3332 ταῦτ’
390 3276 499 3349 ἔχοντες
514 3278 537 3331 0
550 3279 554 3345 1
572 3276 665 3348 ἔχοντε
685 3278 813 3349 γράματα
828 3281 860 3333 K
873 3282 877 3349 Ι
893 3277 1043 3350 πράγματα
1057 3281 1094 3346 Ε,
1113 3278 1263 3348 πράγματα

115 3364 143 3415 et
156 3360 185 3414 in
199 3377 289 3429 marg.
300 3379 341 3427 γρ.
352 3356 500 3428 γράμματα
511 3377 529 3411 α
584 3364 636 3411 388
648 3355 800 3429 ’τύγχανον
814 3359 926 3427 Reiske,
941 3359 990 3413 cfr.
1006 3359 1093 3414 schol.
1109 3360 1262 3431 ἐτύγχανον

114 3442 286 3510 γινώσκοντα
302 3439 306 3510 Ι
327 3437 479 3508 προγνοῦσ’
498 3440 538 3507 Ε,
558 3436 693 3507 φρονοῦσ’
712 3440 861 3506 AaCLP,
881 3448 1036 3508 φρονοῦσιν
1055 3444 1122 3493 mut.
1142 3439 1172 3493 in
1192 3460 1261 3509 φρο-

114 3530 199 3575 νοῦσα
217 3521 254 3588 Β,
273 3515 392 3588 φρονοσ’
412 3519 443 3572 Κ
512 3525 564 3573 389
583 3521 760 3588 διαφθαρεῑν
779 3521 806 3575 A
879 3526 932 3572 390
951 3519 1064 3589 ἔμελλον
1082 3519 1261 3589 postmodum

114 3599 225 3653 addidit
239 3601 275 3666 A,
294 3597 382 3651 habet
400 3597 486 3652 etiam
501 3599 534 3652 K
547 3598 551 3669 Ι
567 3596 634 3652 ὥστε
654 3597 682 3669 γ’
698 3598 818 3667 ἔμπαλιν
835 3602 904 3653 mut.
924 3599 954 3652 in
973 3597 1041 3654 ὥστε
1055 3599 1211 3669 τοῦμπαλιν
1223 3602 1260 3669 K,

113 3677 176 3734 ὥστ’
193 3679 222 3742 ἐς
239 3679 396 3749 τοῦμπαλιν
414 3678 583 3734 Herwerden
656 3685 707 3733 333
728 3677 866 3749 ἰνέγιιοιμ’
884 3680 1007 3734 Dindorf
1028 3683 1033 3751 Ι
1059 3677 1110 3749 μὲν
1129 3698 1182 3735 om.
1204 3682 1227 3736 0

113 3766 164 3814 395
183 3760 297 3830 γλύοσει
317 3760 347 3814 Ε
418 3765 470 3813 398
489 3757 521 3813 δὲ
541 3760 702 3825 BOKLP,
721 3779 749 3814 τε
770 3761 833 3816 ΑΕ
850 3760 896 3831 (de
915 3779 933 3816 α
951 3760 1021 3814 mihi
1040 3778 1096 3814 non
1115 3764 1237 3832 constat)
1253 3762 1258 3834 Ι

114 3840 228 3896 εύνοιαν
246 3843 316 3895 ωειλ.
336 3839 366 3893 in
385 3839 488 3895 άνοιαν
506 3841 533 3894 Β
606 3845 658 3893 400
677 3837 786 3908 τρίττον
806 3843 833 3896 Α
848 3841 853 3911 1
868 3838 984 3912 τοιοίδ’]
999 3840 1185 3909 Valckenaer,
1204 3850 1260 3896 τοῖ-

113 3938 156 3974 σιν
174 3920 240 3975 libri
259 3920 356 3991 (etiam
376 3921 420 3990 K)
449 3922 453 3988 1
484 3918 617 3987 ἐξήνυτον
636 3922 676 3988 A,
698 3920 748 3974 sed
766 3941 781 3974 τ
800 3937 911 3974 erasum
983 3927 1035 3975 402
1054 3920 1188 3990 κράτισον
1207 3921 1257 3994 Pl

113 4002 191 4056 ούδεῖ
208 4002 243 4071 A,
263 4017 279 4054 ο
297 4001 362 4056 αδδ.
378 4000 419 4056 A¹
435 4003 440 4071 Ι
456 3999 651 4072 βουλευμάτων
669 4002 729 4067 Aa,
748 4001 916 4074 βουλεύμασι
935 4003 1004 4069 EL,
1024 4001 1209 4073 βουλεύμασιν
1227 4002 1260 4057 α’

112 4081 214 4135 BOlP
272 4086 325 4135 403
345 4078 406 4151 ἐμοί
424 4099 453 4135 τε
472 4079 525 4152 γὰρ
545 4081 590 4150 ΡΙ
607 4080 724 4135 κακὰθ
783 4087 836 4135 404
855 4082 892 4152 μή
911 4083 1071 4145 πολλούςθ
1132 4088 1185 4136 405
1205 4081 1258 4151 ἤδη

112 4160 153 4214 vel
171 4158 227 4233 ᾔδη
247 4162 311 4218 AE
328 4160 425 4232 (minio
448 4160 686 4230 suprascriptum
705 4162 769 4217 ἀντὶ
786 4172 837 4216 τοῦ
856 4162 946 4231 ᾔδειν)
965 4163 1031 4228 αΚ,
1059 4159 1141 4234 ᾔδειν
1166 4163 1261 4217 a²130

111 4241 169 4294 LP
239 4245 291 4294 406
310 4260 339 4295 τε
359 4241 419 4294 LP
434 4247 459 4310 (τ
478 4239 507 4293 in
526 4240 849 4296 detdenuointmut.
865 4243 893 4312 l),
912 4240 943 4296 δὲ
963 4242 1124 4308 ΑΕιιΒΚ,
1144 4241 1237 4295 om.0

111 4330 168 4384 τοῖς
187 4322 223 4388 Κ,
243 4319 321 4391 τῆσδ’
340 4322 386 4392 ΡΙ
403 4319 554 4390 ἐγίνωσκον
568 4321 657 4377 AOP
726 4326 778 4376 407
798 4323 835 4384 ὡς
848 4321 1012 4388 a’BOLP,
1032 4317 1095 4374 ὥστ’
1114 4320 1239 4375 ΑΕαΚ

111 4401 206 4456 ύλοιτο
225 4403 253 4457 A
272 4400 364 4456 ὄλοιτο
383 4401 425 4457 Α’
497 4406 549 4454 408
568 4401 705 4472 αἰσχύνην
724 4420 742 4457 α
764 4402 908 4472 αἰσχύνειν
928 4401 960 4456 α’
