3014 4928
427 319 550 371 ΓΕΝΟΣ
568 320 631 372 Kal
648 319 736 371 ΒῙΟΣ
754 318 958 371 ΕΤΡΠΠΔΟΤ
1225 316 1267 383 99

118 483 277 562 πόλυτον,
305 478 342 546 έν
370 471 397 567 ᾦ
425 482 486 563 τήν
510 481 748 565 ἀναισχυντίαν
771 480 970 564 θριαμβεόει
993 491 1061 544 τῶν
1087 490 1268 562 γυναικῶν,

117 589 240 651 ἔπειτα,
258 582 295 651 δὲ
322 586 427 670 αὐτήν
457 585 725 671 ἀποπέμψασθαι.
772 585 928 670 λέγοντος
955 583 992 653 δὲ
1014 594 1076 652 τοῦ
1103 589 1269 671 γήμαντος

119 692 226 776 αὐτήν
254 692 437 778 εσωφρονεῖ
464 690 542 778 παρ’
575 693 664 778 ἐμοί’
693 693 870 777 “δόστηυος
897 688 943 758 εἶ’
967 696 1031 778 ἔφη
1055 693 1099 758 ἐί
1127 704 1269 777 γυναῖκα

118 803 229 877 δοκεῖς
256 797 334 883 παρ’
362 790 388 887 ᾧ
412 797 474 883 μέν
502 801 610 883 αὐτήν
635 812 838 885 σωφρονεῖν,
863 797 943 883 παρ’·
969 790 995 888 ᾧ
1024 796 1062 865 δὲ
1089 800 1157 883 μή’.
1202 799 1270 865 έπι-
1288 821 1335 872 95.

121 915 223 990 γήμαι
246 903 283 971 δὲ
306 906 409 972 αὐτὸν
428 905 600 990 δευτέραν,
622 907 666 991 ἣν
685 907 794 987 εὑρὼν
813 905 1077 990 ἀκολαστοτέραν
1097 930 1270 993 προχειρο·

121 1012 226 1093 τέρως
253 1015 300 1089 είς
326 1014 387 1097 τήν
414 1016 496 1079 κατὰ
523 1024 591 1078 τῶν
618 1026 787 1090 γυναικῶν
815 1017 1030 1099 βλασφημίαν
1055 1013 1269 1097 ἐθρασύνετο.

119 1121 158 1183 αί
180 1116 216 1184 δέ
239 1131 393 1203 γυναῖκες
412 1120 648 1205 ἐβουλήθησαν
668 1120 771 1186 αὐτὸν
790 1133 916 1187 κτεῖναι
935 1122 1149 1187 εἰσελθοῦσαι
1168 1122 1215 1197 είς
1233 1121 1269 1185 τὸ

75 1209 78 1216 ’
121 1228 295 1308 σπήλαιον,
316 1225 353 1291 έν
372 1217 398 1314 ᾧ
417 1227 561 1310 γράφων
580 1226 725 1293 διετέλει.
763 1227 974 1309 διαβάλλεται
993 1224 1030 1292 δέ
1050 1227 1114 1292 ὑπὸ
1133 1230 1270 1312 φθόνου

119 1334 165 1410 ὡς
187 1336 246 1399 τὸν
265 1338 518 1417 Κηφισοφῶντα
542 1330 608 1418 εἶχε
633 1343 860 1419 συμποιοῦντα
884 1335 972 1422 αὐτῷ
997 1336 1055 1412 τὰς
1076 1334 1270 1423 τραγῳδίας.
1289 1359 1340 1407 100

119 1440 208 1523 λέγει
241 1439 277 1506 δὲ
311 1440 364 1506 καὶ
389 1438 575 1526 Ἕρμιππος
606 1443 793 1507 Διονύσιον
824 1445 884 1507 τὸν
915 1445 1070 1518 Σικελίας
1102 1442 1270 1524 τύραννον

122 1549 202 1631 μετὰ
225 1549 287 1631 τήν
304 1550 461 1630 τελευτήν
479 1559 540 1613 τοῦ
559 1548 747 1631 Εὐριπίδου
771 1548 936 1612 τάλαντον
958 1558 1029 1624 τοῖς
1050 1550 1270 1632 κληρονόμοις

119 1652 225 1717 αὐτοῦ
248 1652 421 1737 πέμψαντα
447 1657 561 1737 λαβεῖν
581 1656 619 1719 τὸ
642 1657 828 1737 ψαλτήριον
851 1652 905 1718 καὶ
928 1655 990 1737 τήν
1014 1653 1131 1720 δέλτον
1154 1651 1209 1719 καὶ
1232 1655 1269 1719 τὸ

118 1770 292 1844 γραφεῖον,
319 1761 402 1840 ἅπερ
437 1761 550 1825 ἰδόντα
582 1765 736 1827 κελεῦσαι
768 1764 846 1836 τοὺς
874 1759 1037 1845 φέροντας
1065 1761 1102 1826 έν
1128 1769 1174 1849 τῷ
1202 1771 1269 1826 τῶν

119 1870 272 1931 Μουσῶν
296 1867 373 1953 ίερρδ
401 1867 835 1952 όναθεῖναιέπιγρόψαντα
864 1879 933 1944 τοῖς
963 1868 1068 1934 αὐτοῦ
1090 1866 1145 1933 καὶ
1167 1866 1339 1951 Met-105

118 1974 222 2038 πίδου
246 1974 395 2058 ὀνόμασι.
442 1975 495 2041 διὸ
524 1972 579 2039 καὶ
607 1973 871 2059 ξενοφιλώτατον
894 1978 1079 2058 κεκλῆσθαί
1105 1990 1188 2057 φασι
1214 1974 1270 2039 διὰ

118 2079 157 2144 τὸ
180 2081 322 2164 μάλιστα
345 2079 410 2146 ὑπὸ
434 2079 538 2159 ξένων
561 2084 748 2166 φιλεῖσθαι·
778 2082 843 2146 ὑπὸ
864 2085 929 2165 γὰρ
949 2079 1142 2165 Ἀθηναίων
1165 2080 1268 2163 έφθο-

118 2197 218 2252 νεῖτο.
272 2191 444 2270 μειρακιόυ
478 2188 518 2252 δέ
547 2210 638 2264 τινος
671 2187 950 2269 ἄπαιδεντοτέρου
982 2191 1087 2271 στόμα
1121 2187 1270 2264 δυσῶδες

118 2295 207 2377 ἔχειν
230 2293 296 2358 ὑπὸ
319 2296 456 2376 φθόνου
481 2294 584 2359 αὐτὸν
608 2296 760 2370 εἰπόντος
784 2277 950 2378 ἐὐφήμεί
969 2297 1033 2378 ἔφη
1053 2292 1197 2378 ’μέλιτος
1214 2291 1269 2358 καὶ

119 2402 297 2484 Σειρήνων
320 2401 526 2483 γλυκύτερον
550 2400 677 2485 στόμα’.
1288 2424 1339 2473 110

210 2509 353 2572 ἔσκωπτε
378 2504 414 2571 δὲ
438 2508 495 2583 τὰς
519 2517 679 2590 γυναῖκας
702 2508 758 2572 διδ
780 2517 847 2571 τῶν
870 2508 1063 2590 ποιημάτων
1088 2502 1131 2571 δι’
1160 2506 1269 2571 αἰτίαν

211 2768 243 2815 92
258 2763 405 2834 θριαβεόει
422 2765 457 2828 G,
473 2763 622 2834 έθριοίβεοε
637 2763 668 2816 Ε
738 2768 772 2816 93
787 2764 818 2817 δέ
833 2762 1052 2832 ἀποπέμπεσθαι
1066 2763 1097 2817 F
1162 2766 1267 2815 93-99

118 2840 248 2910 λέγοντος
262 2886 268 2896 .
284 2886 290 2896 .
306 2843 420 2898 διετέλει
435 2860 488 2898 om.
507 2844 533 2898 G
596 2848 629 2897 04
645 2844 796 2914 σωφρονεῖ]
812 2842 843 2898 0.
854 2844 887 2896 D.
897 2843 993 2909 Bloch,
1013 2850 1170 2912 σωφρονεῖν
1185 2842 1248 2896 EF
1263 2843 1265 2914 Ι

117 2931 240 2992 γυναῖκα
264 2922 341 2977 delet
358 2923 389 2977 11.
405 2922 547 2977 Schwartz
639 2928 672 2976 95
696 2927 789 2986 δοκεῖς
810 2921 879 2993 παρ’
901 2915 924 2998 ᾧ
943 2923 993 2994 μὲν
1012 2925 1054 2992 Ε,
1082 2920 1151 2992 παρ’
1172 2915 1194 2995 ᾧ
1217 2923 1268 2991 μέν

118 3004 214 3065 δοκεῖς
234 3004 264 3057 F
286 3007 290 3075 Ι
316 3004 416 3072 (αὐτήν
439 3004 516 3058 dclct
534 3003 696 3073 Roasignol,
724 3004 776 3074 τήν
800 3004 889 3074 αότήν
911 3003 1011 3059 scribit
1029 3003 1139 3073 Pflugk)
1166 3006 1170 3071 Ι
1195 3003 1269 3057 hanc

117 3082 360 3137 narratiunculam
379 3100 412 3137 cx
431 3083 495 3139 Eur.
511 3083 553 3137 El.
570 3089 671 3152 923aq.
691 3084 785 3137 fictam
804 3100 865 3138 casa
884 3083 956 3138 vidit
973 3084 1075 3138 Nauck
1149 3088 1200 3137 100
1219 3103 1268 3152 κη-

119 3167 286 3232 φισοφῶνταΙ
304 3165 372 3218 mut.
392 3180 410 3217 a
428 3182 464 3219 m.
484 3170 499 3216 2
519 3164 549 3217 in
567 3172 771 3233 κιφησοφῶντα
791 3165 817 3219 G
837 3166 842 3234 Ι
865 3165 926 3234 ἔσχε
947 3164 973 3218 G
995 3167 999 3233 Ι
1023 3173 1220 3232 συμπονοῦντα
1239 3163 1269 3217 Ε

174 3250 222 3297 101
243 3242 352 3314 λέγουσι
372 3243 403 3299 δὲ
422 3245 471 3299 καῖ
490 3244 629 3314 έρμιππον
649 3245 708 3299 FG
724 3247 728 3311 Ι
745 3244 898 3299 Διονύσιον
916 3260 970 3298 om.
986 3244 1047 3300 FG
1062 3247 1066 3312 Ι
1083 3243 1132 3299 cfr.
1151 3243 1265 3300 Lucian.

118 3324 180 3379 adv.
201 3323 305 3377 indoct.
326 3330 358 3376 15
382 3319 464 3386 οὗτος
482 3325 653 3395 (Διονύσιος)
669 3368 696 3378 ..
715 3325 747 3379 τὸ
768 3324 903 3395 Αἰσχύλου
926 3322 1041 3390 πυξίον,
1064 3322 1137 3387 είςὸ
1162 3325 1268 3387 ἐκεῖνος

118 3403 232 3473 ἔγραφε,
251 3405 302 3457 σὺν
320 3405 407 3474 πολλή
427 3408 535 3475 σπονδῇ
554 3404 725 3474 κτησάμενος
743 3404 797 3460 κτέ.
879 3409 928 3458 102
949 3405 1017 3475 μετὰ
1037 3403 1067 3460 δέ
1086 3405 1138 3475 τήν
1153 3406 1201 3476 F!
1216 3414 1266 3460 τοῦ

118 3499 172 3540 om.
193 3484 378 3554 θΙτάλαντα
398 3485 458 3547 FG
545 3489 595 3537 103
615 3485 702 3539 αὐτοῦ
721 3484 884 3557 πέμψαντα]
904 3483 1086 3555 ἐκπέμψαντα
1105 3487 1136 3540 Ε
1216 3492 1267 3540 104

118 3564 188 3619 ἰδὼν
206 3565 238 3618 Ε
256 3568 261 3635 Ι
280 3565 346 3626 τοὺς
369 3564 636 3638 0111.Γ6Ιέντῲ
659 3566 727 3636 τῶν]
751 3564 962 3634 Weatcmnn,
991 3566 1021 3621 έν
1043 3571 1082 3638 τῷ
1101 3567 1208 3632 EFG,
1237 3567 1266 3622 έν

118 3644 149 3699 Ε.
165 3644 307 3698 Schwartz
399 3650 449 3698 105
468 3646 616 3716 ἀναθήναι
634 3647 665 3700 Ε
761 3651 901 3700 loc-110
925 3645 1122 3716 ἐπιγράψαντα
1137 3690 1143 3701 .
1159 3692 1164 3703 .
1180 3643 1266 3717 στόμα

117 3742 170 3780 om.
192 3725 218 3780 G
310 3729 360 3778 10⁶
381 3725 537 3796 ἐπιγράψαι
557 3725 588 3779 F
609 3727 613 3795 Ι
639 3726 726 3780 αὑτοῦ
744 3725 846 3780 Nauck
870 3728 875 3796 Ι
900 3727 949 3779 καλ
968 3723 1138 3799 Εὐριπίδου]
1156 3726 1266 3798 Pflugk,

117 3803 264 3874 εόριπίδον
282 3806 352 3873 EF,
379 3813 430 3859 τοῦ
454 3803 612 3875 Εὐριπίδου
630 3805 829 3859 Waatcrmann
929 3809 979 3859 107
989 3822 1030 3874 aq.
1059 3812 1211 3875 φθονεῖται
1231 3807 1265 3876 F,

116 3888 293 3954 φθονεῖσθαι
312 3885 508 3940 Wcatarmann
600 3890 650 3939 108
669 3886 843 3941 ἀπαιδεύτου
863 3886 894 3939 F
977 3892 1027 3941 100
1047 3886 1121 3958 ἔχειν
1139 3905 1192 3943 om.
1212 3888 1263 3959 ΓΙ

116 3963 245 4028 εἰπόντος
264 3967 304 4033 F,
330 3963 451 4028 ὑπόντος
469 3968 499 4019 Ε
517 3971 521 4034 Ι
545 3966 662 4035 εὐφήμει
682 3966 724 4033 Ε,
749 3965 767 4036 ή
787 3966 866 4037 φήμη
885 3966 916 4020 F
1004 3972 1055 4021 110
1075 3967 1210 4037 σειρήνων
1229 3968 1265 4034 Ε,

116 4055 244 4115 σειρῆνος
262 4047 293 4100 F
315 4050 319 4115 Ι
345 4046 393 4101 cfr.
417 4045 525 4116 μέλιτος
547 4047 594 4100 καῖ
613 4045 759 4114 Σειρήνων
782 4045 811 4099 in
836 4045 876 4100 eia
899 4045 1024 4101 varaibua
1049 4047 1098 4115 qui
1121 4063 1205 4116 supra
1228 4048 1266 4100 ad

116 4125 134 4180 1.
155 4129 190 4179 88
209 4141 242 4177 ax
262 4124 353 4180 Gellio
373 4125 454 4180 allati
473 4128 539 4180 aunt
630 4133 770 4180 111-133
789 4126 927 4197 praebent
945 4128 1008 4183 BD
1032 4130 1061 4181 ct
1083 4128 1192 4183 omisaia
1215 4126 1263 4181 lin.

118 4211 259 4260 116—129
278 4205 350 4276 λέγει
365 4250 371 4261 .
387 4250 392 4260 .
409 4205 471 4276 έξῆς
485 4210 514 4261 οῖ
528 4206 577 4261 lin.
593 4213 733 4261 130-133
752 4207 842 4262 εἰπεῖν
853 4250 859 4261 .
871 4250 877 4262 .
890 4206 1050 4278 Εὐριπίδην
1064 4209 1133 4262 EF.
1162 4206 1265 4260 Eorum

116 4286 179 4340 loco
197 4285 269 4340 hacc
287 4285 374 4340 habeb
390 4287 428 4341 G:
449 4287 479 4342 έν
493 4296 552 4349 τοῖς
568 4287 703 4357 ποιήμασι
723 4286 755 4342 δὲ
773 4288 861 4342 αὐτοῦ
880 4288 917 4350 ὡς
936 4286 1043 4358 εἴρηται
1061 4287 1111 4350 τὰς
1129 4294 1265 4357 γυναῖκας

117 4367 239 4421 ἔσκωπτε
257 4367 306 4420 διὰ
324 4367 356 4421 τό
374 4371 565 4435 πεφωρᾶσθαι
580 4368 630 4422 τὸν
644 4377 800 4436 κισιφῶντα
815 4371 1028 4437 (κιφησοφῶντα
1042 4386 1077 4422 m.
1093 4372 1120 4437 2)
1136 4367 1264 4437 οίκογενῆ

116 4445 185 4500 ὄντα
210 4449 357 4502 συνελθεῖν
376 4455 409 4518 τῇ
433 4445 523 4522 ολκείηι
541 4449 654 4517 γυναικί
673 4448 704 4501 αί
722 4448 756 4502 τὰ
776 4449 925 4517 σκώμματα
943 4448 979 4518 μὴ
1000 4447 1137 4518 φέρουσαι
1155 4446 1264 4502 ἀνελεῖν

1017 4538 1050 4590 ἵ*
